2926 5040
495 136 895 277 enan-sarim
1260 178 1315 245 ss

74 347 188 425 iidem,
212 346 240 410 si
260 347 336 411 nitu
360 347 461 410 visum
483 357 584 423 esset,
607 343 762 411 collocari
783 357 932 431 poteraut
954 347 1047 413 etiam
1071 361 1147 433 post
1173 349 1317 432 opifices.

76 462 129 528 Ab
154 461 284 541 illorum
312 459 438 545 quidem
464 456 644 525 ministeriis
668 478 765 545 quum
792 460 935 543 separari
956 482 1022 526 non
1041 474 1176 545 possent
1198 462 1315 538 officia,
1360 540 1365 551 Ι

75 594 157 660 quae
179 560 345 650 dicuntur,
379 575 494 637 domus
514 571 701 656 Augustae,
731 573 770 635 de
792 571 842 645 his
863 593 992 657 quoque
1014 573 1046 636 in
1068 574 1226 658 lapidibus
1247 597 1319 641 sae·

74 687 204 770 pissime
225 685 425 760 memoratis,
449 694 726 769 quantnmnostro
740 705 803 766 pro
818 686 954 751 consilio
969 687 1039 751 lieri
1054 690 1202 766 debebat,
1225 711 1318 754 accu-

75 775 329 885 ratius'egimns.
372 798 527 862 Libertos
545 797 679 880 posthac
699 817 717 859 e
736 796 890 862 servitute
909 792 1041 866 emissos
1063 801 1231 885 civiliaque
1249 805 1320 868 iura
1352 794 1356 798 ¹
1393 874 1399 882 ,

75 916 209 995 adqstos
238 909 398 986 comitati,
435 908 637 994 pervenimus
666 911 708 972 ad
728 909 848 993 Populi
868 910 969 993 ipsius
982 886 1223 978 Osacrosanctam
1245 936 1318 979 een·

75 1027 181 1110 tisque
201 1024 328 1110 legibus
349 1021 530 1086 adstrictam
552 1023 754 1098 societatem,
776 1020 810 1084 in
830 1023 922 1115 cuius
942 1023 1080 1110 imagine
1102 1028 1318 1109 adumbranda

76 1138 192 1201 civium
208 1157 337 1221 genera,
362 1134 500 1211 ordines,
524 1134 623 1198 totius
642 1134 689 1198 rei
706 1134 851 1216 publicae
862 1136 1011 1215 sormam,
1035 1139 1136 1223 leges,
1161 1151 1316 1216 senatum,
1397 1218 1410 1236 x

77 1249 279 1334 magistratus
300 1230 427 1323 varios,
456 1248 615 1324 bonores,
654 1268 783 1311 munera
803 1269 904 1333 usque
926 1252 966 1312 ad
985 1249 1157 1314 novissima
1179 1252 1319 1316 Romani

75 1361 201 1445 imperii
231 1372 377 1442 tempora
405 1357 634 1423 recensuimus.
688 1360 797 1444 Leges
835 1359 958 1443 quidem
988 1362 1092 1444 ipsas,
1134 1385 1229 1449 quas,
1270 1365 1317 1428 uti

77 1496 187 1558 spero,
212 1472 366 1538 Klenzius
388 1472 589 1536 illustrandas
612 1470 673 1535 sibi
693 1484 816 1549 sumet,
839 1473 1032 1555 paucissimis
1056 1448 1217 1557 exceptis,
1240 1498 1318 1542 eon·

76 1588 162 1651 sulto
183 1606 246 1650 non
267 1584 447 1670 attigimus3
469 1605 571 1668 neque
591 1583 671 1646 enim
689 1583 720 1647 in
738 1585 777 1648 iis
796 1585 1041 1667 interpretandis
1064 1609 1122 1651 nos
1146 1588 1223 1652 iuris
1248 1590 1319 1672 qui·

77 1703 148 1763 dem
177 1678 374 1783 prudentiam
405 1717 564 1781 nunquam
587 1695 728 1778 professi
756 1697 915 1761 nobismet
943 1698 1021 1780 ipsis
1042 1700 1316 1776 satisfecissemus,

78 1835 137 1901 nep
165 1810 349 1894 simpliciter
371 1813 494 1875 easdem
516 1809 698 1873 exscribere
720 1813 867 1875 vacabat.
911 1810 1020 1877 Nolim
1042 1811 1160 1898 igitur,
1185 1835 1318 1898 quaeras

77 1926 279 1989 desideresve
301 1945 372 1988 meo
394 1922 427 1986 in
448 1922 532 1988 libro
555 1925 591 1987 S.
616 1921 657 1988 C.
681 1925 719 1987 de
736 1924 999 2002 Bacchanalibus,
1024 1946 1083 1987 nec
1096 1924 1219 2012 L'egem
1242 1928 1320 1991 Ser-

79 2037 207 2116 viliam,
232 2058 291 2101 nec
311 2035 503 2101 iudiciariam
526 2036 647 2100 Galbae
667 2036 861 2119 Cisalpinae,
886 2058 944 2100 nec
961 2037 1208 2102 Heracleensem
1227 2040 1320 2125 tabu5

79 2151 140 2213 lam
178 2152 227 2231 (ut
256 2153 417 2232 eleganter
446 2170 516 2229 cum
544 2151 687 2234 Hugone
716 2150 864 2232 loquar),
897 2171 956 2213 nec
983 2150 1088 2235 legem
1111 2151 1321 2215 Puteolanam
1432 2235 1435 2241 Ι

79 2261 194 2344 parieti
214 2261 376 2338 faciundo,
399 2282 459 2326 uec
479 2260 610 2345 regiam,
635 2281 715 2344 quae
738 2260 863 2337 dicitur,
888 2261 1090 2345 Vespasiani,
1113 2283 1217 2351 neque
1235 2265 1320 2328 Acta

79 2374 133 2437 illa
155 2385 280 2438 senatus
301 2372 521 2457 supposititia,
544 2393 603 2436 nec
625 2374 780 2436 'l'abulam
802 2373 1027 2438 alimentariam
1050 2374 1191 2451 Traiani,
1216 2396 1320 2460 neque

78 2486 291 2564 Antiatinam,
316 2497 436 2572 neque,
467 2496 503 2547 ut
525 2487 565 2547 ad
585 2482 738 2549 historica
759 2486 971 2570 progrediar,
996 2488 1111 2563 Festos
1134 2488 1319 2551 consulares

81 2621 119 2663 ao
137 2572 354 2689 triumphales,
371 2619 429 2661 nec
448 2598 694 2663 Monumentum
709 2597 928 2678 Ancyranum,
945 2619 1004 2661 nec
1023 2599 1247 2684 Torigniense,
1265 2620 1321 2662 ne·

79 2733 141 2799 que
157 2711 333 2776 orationem
350 2708 474 2775 Claudii
490 2707 651 2784 Caesaris,
675 2730 768 2794 quae,
790 2709 908 2792 optime
923 2710 1001 2774 mibi
1019 2723 1107 2787 nota,
1126 2711 1195 2775 lere
1214 2709 1320 2775 omnia

79 2825 206 2908 saepius
227 2823 287 2886 iam
310 2821 385 2907 alibi
405 2833 478 2885 sunt
507 2820 658 2904 repetita
703 2821 935 2886 Abstinendum
964 2823 1044 2886 enirn
1074 2835 1143 2887 erat
1165 2845 1183 2886 a
1202 2823 1320 2913 talibus

78 2938 150 3002 ideo
173 2956 314 3021 quoque,
337 2946 373 2997 ut
391 2933 497 2998 locum
513 2932 594 3010 aliis,
617 2932 838 2998 minutioribus
852 2935 1003 3012 lot-tasse,
1019 2956 1232 3007 reservarem.
1257 2937 1322 2999 Sod

79 3070 151 3113 cum
166 3045 403 3132 magistratibus
418 3045 576 3111 artissimo
592 3045 721 3110 vinequ
735 3046 905 3110 coniuncta
920 3046 1056 3112 vidimus
1077 3047 1179 3113 officia
1198 3048 1321 3133 minora

80 3159 316 3243 apparitorum,
339 3158 534 3232 scribarum,
559 3170 763 3236 exactorum,
787 3157 1035 3235 tabulariorum
1057 3181 1128 3223 eum
1151 3172 1219 3225 tota
1240 3180 1320 3225 vero

78 3293 113 3336 re
136 3271 261 3354 publica
276 3281 307 3334 et
322 3290 456 3352 operum
471 3268 672 3352 publicorum
689 3291 726 3333 ac
739 3269 942 3356 vectigalium
958 3271 1137 3334 universam
1153 3273 1319 3349 rationem,

79 3396 111 3448 et
139 3406 206 3447 rem
234 3383 420 3459 militarem,
450 3381 565 3467 quibus
595 3382 739 3447 omnibus
768 3381 895 3467 singula
922 3383 1025 3465 capita
1053 3396 1127 3447 sunt
1147 3384 1321 3470 assignata.

79 3497 296 3579 Quamquam,
330 3494 486 3578 permulta
520 3514 595 3558 sane
628 3515 646 3558 a
675 3493 839 3576 prioribus
875 3494 1115 3577 inscriptionum
1146 3497 1321 3562 editoribus

77 3609 146 3672 iure
176 3610 314 3692 quodam
341 3628 401 3671 suo
429 3605 526 3670 inter¹
542 3626 642 3688 opera
670 3606 797 3688 publica
821 3608 920 3670 relata
940 3621 1149 3691 praeceperat
1168 3609 1262 3673 nobis
1284 3631 1323 3674 ea

79 3721 186 3804 operis
215 3741 310 3802 pars,
349 3739 431 3804 quae
459 3717 669 3782 monumentis
697 3717 984 3786 historicisdieatai
1005 3720 1207 3805 diligentiore
1228 3721 1332 3799 etiam

78 3832 269 3917 carandigna
288 3832 471 3905 videbatur;
493 3832 575 3894 unde
593 3830 711 3894 lactum
730 3840 788 3906 est,
812 3841 848 3893 ut
865 3830 1062 3913 municipalia
1082 3833 1150 3896 lere
1168 3832 1322 3916 incapite

78 3967 178 4029 opera
200 3942 328 4028 publiea
349 3943 529 4007 continente
551 3942 722 4026 legantur,
753 3940 933 4024 principum
963 3964 1042 4007 vcro
1074 3965 1113 4008 en
1143 3944 1176 4006 in
1205 3966 1323 4029 genere

78 4058 190 4122 merita
210 4070 242 4120 et
264 4058 372 4120 laudes
393 4054 424 4118 in
447 4054 606 4119 historicis
626 4053 734 4137 potius
755 4054 861 4142 locum
875 4053 1054 4118 invenerint
1067 4077 1171 4120 suum.
1206 4036 1322 4141 Neque

77 4191 160 4235 vero
191 4164 429 4253 provinciarum
462 4164 723 4229 administrationi
754 4168 962 4247 exponendae
994 4166 1119 4252 largior
1144 4181 1323 4251 supererat
1362 4216 1364 4220 a

78 4283 207 4361 messis,
232 4280 418 4345 acivilibus
440 4279 606 4342 maximam
628 4289 750 4360 partem
773 4290 805 4341 et
823 4278 951 4342 urbanis
970 4278 1209 4363 magistratibus
1228 4301 1324 4344 occit-

78 4408 174 4478 pata:
207 4406 239 4457 at
268 4414 307 4458 eo
337 4391 435 4466 maius
465 4391 602 4455 studium
631 4390 663 4453 in
691 4411 732 4455 eo
760 4391 1007 4467 eoflncavimus,
1040 4403 1077 4455 ut
1107 4413 1230 4457 omnem
1256 4414 1325 4455 rem

78 4507 246 4571 militarem
269 4505 446 4569 arruntius
469 4504 716 4577 enuclearemus,
741 4514 920 4585 temporum
943 4503 1067 4567 ratione
1089 4515 1238 4588 quantum
1253 4498 1325 4569 lieri

76 4631 228 4705 poterat,
251 4619 303 4683 bic
324 4636 472 4703 quoque,
497 4625 534 4678 ut
555 4615 587 4678 in
607 4614 757 4700 reliquis,
785 4636 910 4698 semper
931 4615 1050 4679 habita.
