2926 5040
536 113 915 249 nnmnnrrncnxm.
1092 150 1096 163 ·
1297 162 1353 222 tos

104 304 307 356 oonoionatum
334 300 500 370 antiquariis
521 295 673 352 'omnibusr
687 295 835 350 admodum
859 293 958 349 utilem
980 289 1041 348 iore
1067 290 1101 346 a'd
1125 276 1356 347 erstemltnsert·

103 394 214 471 ptldnes
246 397 366 448 luricam
394 389 587 471 conferendas.
628 394 664 445 At
694 397 723 445 in
752 387 828 445 tauta
855 389 1001 455 liturarum
1029 387 1091 441 lnce
1117 391 1162 440 sir
1186 387 1255 440 haec
1272 385 1356 441 hodie

44 546 48 551 ,
101 485 256 545 sufiiciunt.
302 486 421 554 Nonne,
453 500 482 538 te
517 482 628 554 indice,
668 488 754 539 sntins
789 481 882 550 loret,
919 485 1007 536 varias
1036 481 1177 536 lectiones
1201 482 1363 553 annotarei,

103 586 205 637 uitiosa
234 578 316 648 lona,
344 578 531 653 interpolata?
564 583 594 633 ln
619 593 665 632 eas
690 560 845 631 doctornm'
862 580 985 630 uirorum
1011 573 1227 643 illustrationes,
1255 590 1283 629 et
1309 592 1358 629 ex·

103 675 291 750 plicationesi
322 672 408 727 malas
433 671 581 726 verborum
601 688 647 726 aut
674 670 805 745 siglarum
825 656 1087 743 interpretationes?
1117 686 1183 722 num
1211 667 1357 725 mutilatas

103 769 147 824 sel
167 768 387 842 integraetsinti
408 783 477 819 num
492 770 612 839 spuriae,
633 783 697 818 num
717 763 826 833 dubiae,
846 779 892 817 ant
911 765 1065 834 genuinae?
1083 779 1150 815 num
1168 768 1229 835 qnis
1248 766 1358 836 perico-

103 882 159 938 pen
178 865 346 937 excerpserit
366 859 401 913 ad
422 859 538 932 alicuius
559 863 682 913 auctoris
704 858 938 912 illustrationem?
956 855 1067 909 numid
1089 874 1175 930 genna
1195 857 1269 912 allai
1286 873 1357 931 quae

59 940 65 959 ²
103 960 199 1012 omnia
224 971 300 1009 nnnc
328 970 396 1028 paro
421 968 451 1009 et
474 957 578 1027 partim
598 957 627 1005 in
649 950 804 1008 adversaria
823 956 880 1006 iam
899 949 987 1005 relata
1006 949 1104 1005 habeo.
1142 950 1242 1007 Nonne
1263 965 1291 1005 te
1309 949 1357 1005 do·

105 1050 278 1116 fraudarem,
309 1053 335 1102 si
360 1047 537 1102 doctissimas
561 1044 767 1100 lucubrationes
794 1061 855 1099 tuas
883 1050 913 1098 in
939 1048 1135 1119 inscriptiones
1162 1044 1357 1100 aMnratorio

104 1144 147 1200 rel
167 1142 202 1196 ab
223 1142 285 1196 aliis
305 1141 427 1216 prolatas
447 1155 571 1195 autnon
590 1137 761 1208 indicarem,
785 1138 827 1194 rel
846 1155 959 1213 prorsus
981 1141 1156 1195 omitterem?
1186 1139 1251 1194 Uno
1273 1138 1358 1194 verbo

104 1237 216 1303 dicam,
237 1236 307 1289 mihi
329 1241 360 1291 in
379 1239 473 1288 animo
492 1249 551 1301 est,
570 1249 748 1305 quaecunque
770 1248 785 1285 a
805 1232 897 1286 doctis
919 1237 985 1287 viris
1006 1237 1035 1286 in
1055 1249 1234 1305 quoscunque
1251 1232 1358 1308 lapides

105 1346 240 1386 annotata
260 1327 351 1397 inere,
377 1328 511 1382 lectorem
530 1345 660 1391 moneret
686 1344 714 1382 et
733 1327 922 1400 nlla-'insuper
941 1324 1106 1400 adiungere,
1131 1343 1201 1400 qnae
1220 1306 1363 1400 genuinae¹

105 1438 353 1480 monumentorum
373 1427 597 1497 interpretation!
619 1425 751 1475 inservire
770 1435 903 1494 possunt,
930 1436 957 1475 et
984 1436 999 1472 a
1027 1418 1095 1474 falsa
1123 1437 1255 1479 avertere.
1292 1424 1358 1478 Dis-

106 1516 306 1573 sertationibns
334 1531 425 1570 antem
449 1516 533 1571 nullis
558 1532 636 1582 utar,
665 1513 795 1568 breuibus
823 1513 913 1568 solum
942 1514 1169 1589 annotationibus
1198 1529 1358 1589 contentus,

105 1631 162 1667 rem
182 1628 272 1667 totam
292 1609 448 1686 expediam:
480 1625 526 1674 et,
544 1614 575 1663 ni
594 1608 677 1663 ltbrtt
693 1609 821 1682 plurimis
842 1606 931 1663 adhoc
952 1625 1092 1677 carerem,
1121 1608 1164 1663 rel
1183 1626 1251 1684 opus
1271 1615 1358 1677 inter·

108 1712 263 1774 misissem,
294 1705 465 1759 alienissima
487 1702 578 1758 studia
597 1719 779 1770 consecutus,
808 1699 1165 1776 negotiuml'orsan'esset
1186 1702 1356 1763 coniectum.

106 1803 193 1856 Porro
212 1818 298 1872 quum
316 1798 418 1851 nb'lrts
435 1814 511 1850 nnnc
531 1801 584 1850 sim
605 1797 686 1872 plane
703 1796 774 1850 liber
793 1813 820 1851 et
840 1801 899 1850 otio
919 1795 1011 1864 fruar,
1030 1814 1081 1870 pro
1098 1798 1202 1852 viribus
1221 1790 1309 1872 agam,
1327 1816 1358 1856 ut

107 1893 193 1948 ludici
221 1911 285 1947 meo
310 1892 392 1945 finem
412 1897 567 1965 imponam:
599 1889 668 1944 suxit
694 1890 729 1944 D.
752 1890 788 1944 Ο.
811 1890 871 1956 M„
896 1905 927 1943 nt
947 1907 1076 1964 prospera
1097 1890 1358 1969 valetudineirnar,

108 2004 179 2059 quae
204 1989 276 2041 mihi
304 2001 398 2039 tamen
423 1989 583 2058 saepissime
610 1984 759 2039 imbecilla.
805 1983 884 2038 llaud
910 1982 1039 2054 equidem
1063 1982 1199 2040 diffiteor.
1232 1991 1299 2057 quin
1320 1992 1357 2041 sit

108 2097 177 2154 opns
197 2085 350 2135 immensae
375 2079 476 2145 molis,
507 2076 758 2150 difficillimumque
783 2079 966 2149 praegrande
989 2081 1105 2132 volvere
1131 2098 1249 2133 sacrem:
1281 2097 1309 2135 at
1333 2087 1357 2136 sl

108 2172 213 2230 tardius
239 2173 267 2228 td
293 2178 324 2227 ln
349 2173 441 2240 lucem
466 2176 609 2241 emittam,
641 2171 708 2246 qnid
735 2170 798 2225 inde
824 2170 937 2226 domnii
969 2173 1064 2226 utilius
1084 2171 1209 2245 prolecto
1231 2180 1303 2242 erlt,
1333 2178 1359 2230 al

107 2267 265 2321 differatur:
289 2283 332 2321 sat
351 2272 427 2335 cito,
448 2271 472 2319 sl
494 2280 536 2319 sat
556 2265 637 2320 bene.
674 2265 758 2335 Quod
776 2265 1025 2319 laboriosissimum
1045 2283 1122 2334 erat,
1143 2285 1243 2342 nempe
1263 2258 1360 2322 aneto·

108 2380 168 2415 rum
189 2365 316 2415 omnium
334 2361 396 2415 loca
416 2365 565 2431 unicnique
584 2364 762 2433 inscriptioni
782 2359 964 2432 subiungere,
984 2365 1040 2412 iam
1061 2359 1220 2416 coniectum
1239 2379 1296 2418 est:
1325 2382 1360 2419 ea

107 2459 160 2522 lis,
186 2471 256 2528 qnae
283 2470 405 2524 restant,
430 2459 542 2508 tametsi
567 2453 754 2527 periculosum
773 2456 916 2526 negotium
942 2469 970 2507 et
995 2453 1070 2507 aleae
1095 2455 1224 2529 plenum,
1251 2462 1359 2531 experi-

107 2565 233 2603 mentum
251 2546 366 2609 faciam:
399 2564 427 2602 et
447 2566 530 2619 quum
549 2547 684 2603 adfinem
705 2564 763 2601 tota
785 2565 828 2601 res
854 2545 987 2622 perducta
1007 2552 1076 2616 erit,
1105 2549 1207 2604 librum
1232 2567 1358 2606 nostram

107 2648 230 2697 virorum
255 2641 401 2696 doctorum
427 2641 550 2708 indicio,
581 2658 629 2696 tno
654 2647 813 2716 praesertim
836 2647 1012 2716 permittam
1044 2648 1068 2697 si
1091 2643 1225 2717 probant,
1253 2643 1360 2716 edetur,

108 2742 272 2791 sinautem
296 2735 418 2813 carbone
442 2735 596 2803 notabunt,
627 2751 759 2809 perpetuo
784 2733 970 2792 damnabitur.
1007 2736 1050 2790 Tu
1076 2742 1209 2806 interim,
1239 2743 1264 2792 si
1291 2737 1359 2813 quid

106 2846 187 2904 potes
206 2833 305 2904 (potes
324 2845 417 2884 autem
437 2834 695 2902 quammaxime),
724 2829 871 2884 conatibus
893 2835 997 2884 nostris
1021 2830 1099 2898 lave,
1128 2848 1156 2886 et
1179 2849 1359 2907 quaecunque

107 2941 218 2998 promes
246 2943 280 2978 ex
309 2923 473 2979 adversariis
504 2929 558 2978 tuis
584 2922 697 2977 adrem
721 2940 847 2978 nostram
873 2921 1021 2991 facientia,
1051 2929 1075 2980 sl
1097 2942 1210 2980 mecam
1235 2944 1360 2982 commn-

107 3022 201 3087 nices,
220 3016 452 3072 iucundissimum
471 3024 542 3087 erit,
563 3017 723 3090 debitasque
743 3034 834 3090 grates
856 3015 908 3071 tibi
927 3016 1054 3075 referam.

182 3113 315 3167 Pocncltii
344 3117 540 3186 inscriptiones
569 3117 695 3184 antiquas
724 3127 797 3165 anno
822 3117 905 3170 1752.
935 3110 984 3167 iol.
1015 3112 1103 3168 editas
1127 3111 1251 3170 nondam
1276 3120 1369 3182 nori,

107 3204 227 3273 curabo,
255 3221 286 3261 ut
312 3206 445 3261 habeam:
479 3205 590 3261 titulum
616 3207 784 3279 descriptum
811 3222 894 3279 rogo,
922 3205 964 3259 rel
986 3207 1112 3261 Gesnero
1134 3223 1247 3276 nostro,
1275 3226 1358 3282 quem

107 3298 179 3352 bene
205 3298 294 3353 valere
321 3300 419 3379 iubeo,
449 3299 558 3366 tradas,
591 3303 637 3373 qui
666 3317 775 3354 mecum
801 3301 1031 3354 communicabit.
1070 3302 1176 3356 Mirum
1203 3302 1275 3358 band
1298 3321 1359 3358 esse

108 3392 162 3446 tibi
181 3390 281 3460 debet,
302 3393 463 3448 Cossiniurn
482 3393 584 3447 librum
596 3394 677 3447 hunc
697 3394 730 3448 ad
752 3410 850 3447 manus
870 3412 928 3446 non
947 3394 1093 3463 habuisse,
1119 3401 1249 3469 qnoniam
1271 3399 1359 3454 multa

107 3483 191 3539 docta
210 3487 349 3540 volumina
371 3494 399 3542 in
421 3488 503 3542 ltalia
521 3486 611 3540 adhuc
630 3487 829 3541 desiderantur.
855 3489 1004 3542 Maittairii
1024 3490 1167 3567 Marmora
1188 3490 1360 3548 Oxnniensia

107 3591 253 3652 nunquam
277 3580 401 3648 viderat,
439 3599 584 3655 antequam
611 3581 686 3655 Scip.
705 3581 836 3636 Maiieius
863 3582 904 3636 illi
928 3566 1145 3642 commodasset.
1163 3611 1166 3623 ·
1185 3586 1267 3640 Nunc
1295 3605 1361 3642 reto

107 3671 203 3727 ordini
231 3690 282 3728 sno
313 3681 485 3750 praepositus
514 3681 600 3730 uitam
627 3678 728 3730 Rornae
757 3673 848 3747 degit,
880 3692 907 3729 et
935 3677 1015 3732 libris
1041 3679 1168 3734 omnibus
1195 3677 1299 3736 affluit:
1331 3696 1361 3737 at

106 3783 220 3834 vereor,
258 3786 293 3822 ne
326 3769 362 3821 ob
395 3775 571 3844 negotiorum
601 3769 808 3825 multitudinem
828 3775 1058 3844 ,inscriptionum
1094 3773 1248 3842 volumino,
1280 3763 1360 3849 ¹quoti

109 3865 295 3932 promiserat,
315 3861 404 3916 adhuc
425 3880 518 3918 carere
537 3881 679 3938 cogamur.
720 3865 752 3917 ln
771 3865 902 3936 Inscript.
923 3866 1012 3921 Ateio.
1032 3868 1117 3922 xl11.
1140 3886 1202 3942 pag.
1215 3872 1281 3935 62,
1303 3874 1361 3944 ipss

107 3953 176 4025 legit
195 3972 251 4007 non
272 3957 434 4010 iunctm
454 3973 485 4012 nt
506 3958 557 4011 tibi
577 3955 988 4024 viderur,red.LEAitcAR1
1008 3964 1028 4013 i.
1042 3979 1065 4013 e.
1085 3961 1136 4013 ET
1155 3962 1301 4029 incliti,
1321 3968 1361 4018 lta

106 4062 137 4100 nt
157 4046 267 4121 Sagaris
295 4047 379 4103 inerit
398 4052 545 4107 Amiautbi
564 4055 633 4126 Aug.
653 4069 745 4106 servus
765 4068 862 4120 verna,
885 4068 913 4106 et
933 4051 1039 4107 Arcarii
1061 4058 1218 4127 provinciae
1238 4057 1360 4111 Achaiae

105 4142 274 4216 sicarius.*)
312 4145 350 4198 At
380 4162 455 4198 recte
484 4160 582 4200 contra
611 4164 674 4199 enm
694 4162 810 4212 censes,
842 4150 992 4200 Ascanium
1011 4144 1096 4201 luisse
1116 4149 1279 4215 Philoxeni,
1311 4152 1358 4207 Ti.

105 4233 214 4291 Claudii
236 4237 363 4290 Caesaris
384 4243 474 4306 servi,
501 4244 634 4293 sicarium
654 4241 813 4304 Arcasinm,
843 4256 873 4293 nt
896 4244 950 4293 inm
976 4245 1006 4294 in
1025 4242 1116 4316 Epist.
1138 4243 1234 4316 Epigr.
1254 4243 1361 4313 dixisti,

104 4343 135 4382 st
168 4328 270 4382 malam
305 4333 564 4406 interpretationem
599 4334 680 4388 buius
716 4336 924 4408 inscriptionis,
957 4351 1026 4410 quae
1064 4336 1236 4410 scaligerum
1268 4344 1360 4411 torsit,

104 4419 282 4496 redarguisti.

143 4588 147 4595 ·
175 4560 411 4620 ‘ilaseriptioaem
430 4566 459 4610 ds
477 4578 525 4627 qua
542 4565 663 4623 loquitur,
682 4565 735 4612 ride
753 4568 778 4613 in
798 4536 882 4624 capita
899 4563 930 4611 ds
948 4568 1041 4613 ursis.
1064 4567 1095 4614 ti.
1116 4565 1194 4616 2⁸2¹.
1262 4576 1268 4599 ·,
