2926 5040
122 156 126 161 ’
203 182 307 245 u·.
623 120 1105 246 ruaurnrro'·

95 340 98 345 ⁴
201 343 263 435 que
285 350 452 434 srrspicor,
475 347 672 433 posthabitas
693 369 762 412 esse
784 358 874 412 certo
896 347 982 423 scin;
1009 347 1163 413 eiusmodi
1185 348 1338 427 maxime,
1362 370 1441 433 quae

200 474 367 544 suspectae
399 475 453 527 aut
484 461 620 526 ficticiae
649 461 778 526 omnino
807 460 882 523 mihi
910 459 1015 539 visae,
1044 460 1169 524 minime
1197 472 1299 525 tamen
1321 461 1442 526 fraudis

201 596 340 657 operose
361 574 512 660 redargui
526 586 739 669 mererentur3
763 572 851 636 cuius
869 571 992 656 quidem
1016 572 1142 656 generis
1160 574 1332 656 permultas
1347 595 1440 658 repe·

198 687 266 751 rire
295 687 369 750 licet
396 686 427 751 in
456 684 627 761 Reiuesio,
662 684 804 768 Sponio,
838 685 1014 762 Fabre'tto,
1049 687 1157 751 Gudio
1189 688 1372 768 praesertim
1403 709 1442 751 ac

200 798 399 874 Muratorio‚
424 799 593 864 iufaustum
607 799 685 862 illud
705 795 834 882 Ligurii
855 817 982 874 nornen,
1006 798 1058 862 vel
1079 801 1263 864 schedarum
1285 794 1326 865 eit
1347 800 1440 864 huius

201 911 336 999 bominis
359 908 532 976 Tliesauris
555 920 775 995 excerptarum
805 909 894 972 nimis
923 909 1100 994 ambiguam
1122 913 1340 977 auctoritatem
1362 933 1439 995 prae

198 1046 232 1088 se
260 1024 413 1115 serentes.
481 1022 639 1088 Conferat
671 1021 748 1084 mibi
774 1021 904 1105 aliquis,
948 1021 974 1087 si
1001 1010 1111 1104 'placet
1135 1032 1171 1087 ‘et
1203 1036 1311 1100 vacat,
1350 1028 1440 1107 Spon

151 1206 159 1226 ἱ
198 1136 306 1203 Mire.
322 1158 358 1220 p.
373 1137 426 1214 90,
444 1138 476 1200 1.
496 1147 527 1198 et
547 1135 619 1212 181,
633 1135 678 1211 3.,
696 1155 773 1219 quo,
792 1134 870 1218 quid
882 1134 1065 1220 significem,
1082 1136 1252 1222 intelligat.
1268 1169 1309 1181 -
1330 1126 1441 1202 lucre-

94 1242 98 1250 ’
197 1249 295 1313 dibile
317 1260 422 1312 autem
445 1257 511 1324 est,
545 1258 620 1329 post
637 1258 686 1312 tot
707 1245 889 1311 criticorum
909 1268 1001 1309 curas
1020 1259 1169 1331 quantum
1189 1249 1220 1311 in
1239 1261 1305 1313 arte
1331 1249 1440 1313 critica

200 1361 352 1444 lapidaria
374 1360 599 1444 perficiendum
623 1361 724 1423 adhuc
745 1371 916 1423 remaneat.
974 1359 1044 1422 Mei
1067 1359 1192 1444 quidem
1215 1361 1338 1425 consilii
1361 1374 1440 1425 tam-

200 1473 261 1536 etsi
279 1475 521 1558 haudquaquam
539 1483 627 1549 erat,
650 1483 686 1536 ut
705 1471 810 1535 dedita
827 1492 927 1554 opera
943 1471 1168 1557 investigarem
1185 1485 1217 1535 et
1231 1484 1388 1556 suspecta,
1409 1467 1441 1537 et

199 1585 368 1649 manifesto
398 1585 631 1662 commenticia,
663 1597 783 1668 nmen,
812 1583 993 1668 ubicunque
1022 1597 1235 1668 opportunum
1260 1586 1437 1662 videbatur,

202 1699 314 1762 sedulo
335 1697 445 1762 notavi
468 1719 520 1776 ea,
547 1720 626 1783 quae
644 1697 694 1760 his
712 1708 817 1761 essent
831 1699 1081 1772 adnumeranda;
1103 1699 1199 1783 longe
1214 1668 1321 1781 ntique
1332 1697 1437 1780 plura,

118 1866 126 1880 ‚
202 1832 296 1895 quam
328 1812 369 1872 ab
397 1809 465 1874 aliis
494 1823 566 1873 ante
594 1822 665 1874 sunt
694 1811 928 1885 animadversa,
965 1830 1030 1872 uon
1051 1810 1118 1872 sine
1139 1808 1261 1874 idoneis
1282 1806 1384 1873 causis
1405 1809 1439 1872 in

181 1921 410 2005 „suspicionem
430 1912 601 1987 adducens.
646 1925 709 1987 Sed
727 1923 891 2005 complura
910 1920 1099 2000 huiusmodi,
1118 1933 1153 1984 ut
1169 1921 1324 2004 praedixi,
1344 1942 1439 2004 prae·

198 2034 297 2099 terire
325 2034 422 2098 sotius
452 2035 538 2100 duxi.
590 2033 721 2117 Spurias
750 2035 896 2099 consulto
924 2046 1087 2116 receptas,
1125 2034 1277 2099 asterisco
1298 2033 1436 2118 signavi.

198 2148 313 2231 Neque
335 2146 474 2209 nunciat
495 2145 573 2211 novi
594 2159 625 2210 et
647 2163 792 2210 verarum
812 2145 1050 2226 inscriptionum
1075 2164 1252 2210 sermonem
1277 2145 1435 2209 sincerum

197 2259 359 2343 iustasque
373 2259 539 2335 formulas,
564 2271 596 2322 et
609 2236 859 2345 Ligurianarum
881 2267 977 2342 atque
998 2256 1144 2320 similium
1168 2261 1207 2321 ab
1223 2256 1291 2320 aliis
1304 2257 1437 2321 fraudu-

198 2371 290 2435 lentis
319 2370 528 2435 nebulonibus
557 2371 764 2439 confictarum
791 2370 970 2435 universam
992 2370 1145 2434 rationem
1167 2381 1199 2434 et
1219 2369 1456 2465 auctoritates,¹

198 2483 318 2569 magnis
341 2482 583 2547 collectionibus
605 2487 709 2548 denuo
730 2481 928 2567 perlustratis
948 2485 986 2546 de
1002 2481 1134 2567 singulis
1147 2482 1216 2544 lere
1230 2481 1437 2563 pronuntiare

199 2597 412 2685 desperarim,
442 2589 549 2660 utrum
570 2596 651 2660 inter
673 2606 796 2670 certas,
827 2616 866 2658 an
887 2606 1067 2676 suspectas,
1100 2593 1368 2673 interpolatasue,
1399 2615 1438 2656 au

197 2729 332 2792 prorsus
354 2707 586 2772 commenticias
609 2709 670 2771 siut
691 2706 902 2772 referendaet-
928 2706 1008 2768 baec
1037 2705 1118 2768 enim
1149 2717 1297 2787 quattuor
1320 2727 1439 2790 genera

117 2812 125 2835 ”
197 2819 423 2886 constituamus
445 2840 575 2883 necesse
597 2831 656 2897 cst,
686 2819 821 2883 nisi·aut
843 2818 933 2882 nimis
951 2816 1071 2880 creduli
1090 2838 1215 2893 sumus,
1240 2828 1293 2880 aut
1315 2839 1435 2895 omnes,

97 3024 104 3035 ι
197 2953 278 3017 quae
308 2930 533 2996 dubitationem
570 2931 705 3015 aliquam
744 2931 838 2995 nobis
874 2930 1028 3043 afferunt:
1069 2928 1197 2993 omnino
1229 2929 1437 3011 repudiandas

196 3065 414 3128 praepropere
452 3064 626 3109 censemus.
684 3048 886 3126 susspectus,
924 3064 1003 3127 quas
1036 3063 1101 3127 ego
1133 3041 1223 3117 dico,
1261 3041 1339 3105 alius
1366 3041 1437 3106 ido-

122 3178 127 3197 ·
197 3157 265 3221 neis
279 3155 472 3241 argumentis
487 3178 561 3220 usus
577 3156 632 3218 ubi
645 3157 837 3233 defenderit,
868 3168 899 3219 et
919 3154 980 3237 ipsi
1001 3166 1032 3218 et
1053 3152 1233 3235 disciplinae
1255 3153 1438 3238 epigraphi·

196 3291 253 3333 cae
283 3269 370 3333 rdtro
406 3267 717 3354 congratulabimur3
756 3267 990 3333 commenticias
1026 3288 1104 3352 quas
1126 3264 1435 3342 demonstravimus,

197 3402 356 3465 nunquam
378 3380 470 3445 uobis
491 3392 526 3443 ut
546 3390 703 3465 tamquam
725 3401 821 3443 verae
852 3382 1081 3456 obtrudantur,
1114 3378 1282 3461 patiemur.
1325 3378 1439 3441 Absti-

198 3492 253 3557 nui
274 3504 457 3576 praeterea,
482 3502 636 3577 quatenus
658 3458 744 3556 meale
766 3491 909 3555 sinebant
929 3491 1079 3569 rationes,
1104 3513 1122 3554 a
1144 3490 1298 3573 lapidibus
1320 3488 1438 3553 mutilis

197 3586 352 3691 nimisque
369 3592 559 3687 'corruptim
586 3603 650 3668 etsi
669 3614 806 3688 propter
827 3625 922 3667 uuum
943 3604 1117 3667 alterumve
1139 3602 1327 3667 vocabulum
1349 3600 1444 3687 digni

199 3698 304 3782 essent
326 3715 612 3781 animaduersione.

282 3832 345 3893 Sed
367 3841 528 3914 utcunque
550 3849 586 3892 ea
609 3830 647 3892 de
668 3846 704 3891 rc
726 3827 893 3891 iudicatum
917 3828 1032 3904 fierit,
1062 3826 1095 3891 id
1117 3829 1224 3890 saltem
1246 3830 1439 3892 contendere

198 3943 311 4018 liceat,
342 3940 536 4027 antiquarios
559 3940 863 4027 grammaticosque,
894 3938 998 4026 siqui
1020 3939 1197 4025 diligentius
1219 3942 1302 4003 bunc
1323 3939 1438 4002 librrun

176 4054 376 4131 ‚versarium
412 4054 488 4118 satis
516 4052 715 4137 probabilem
745 4074 853 4117 earum
882 4074 989 4116 rerum
1009 4050 1233 4137 cognitionem
1262 4052 1335 4117 lore
1363 4073 1440 4134 per-

199 4179 361 4248 cepturos,
380 4187 459 4250 qnae
473 4187 516 4230 ex
524 4165 649 4229 Latinis
668 4165 925 4248 inscriptionibus
940 4162 1085 4233 condisci
1102 4176 1255 4244 possunt3
1278 4174 1332 4227 arrt
1353 4173 1439 4227 certe

198 4278 348 4343 uberiore
370 4299 440 4340 cum
463 4277 572 4342 structu
593 4277 715 4362 maguis
737 4263 979 4342 collectionibus
1000 4274 1204 4359 perlegendis
1227 4276 1440 4339 aestimandis·

197 4412 259 4476 que
283 4411 413 4472 operam
435 4392 638 4472 postmodum
661 4393 790 4454 daturos
814 4410 895 4479 esse.
1192 4400 1196 4407 '

239 4508 250 4519 ‘
286 4503 384 4583 erod
416 4501 443 4565 si
474 4501 552 4566 nibil
585 4501 670 4567 aliud
688 4501 946 4585 praestitissem,
985 4500 1036 4564 rel
1068 4501 1132 4564 hoe
1163 4511 1265 4563 tamen
1299 4500 1441 4564 sufficere

123 4702 206 4728 A.
