2926 5040
375 815 659 923 arenanvvs
696 766 1085 907 sptessapnlcvs

256 924 1175 1053 10.casr.'1vnea1vavcn1v

561 1147 601 1203 IN
621 1148 878 1205 TVRICENSIVM

374 1343 377 1347 f
418 1304 635 1352 nianvouneca
648 1304 785 1351 PVBLICA
797 1279 1013 1350 anseav'srvs.

615 1467 832 1484 Μ

172 1627 193 1670 l.
213 1606 280 1682 Opus
301 1623 449 1669 tessellatum
469 1633 498 1665 es
516 1617 605 1664 Smeiii
621 1624 645 1663 et
661 1617 791 1679 scaligeri
808 1591 943 1674 indicibus,
963 1622 1092 1666 secandam
1110 1617 1214 1665 Gruteri
1231 1621 1338 1677 paginas,

216 1710 259 1740 nec
277 1708 324 1739 aon
342 1690 531 1737 Observationes
549 1689 578 1733 ad
597 1685 741 1733 Gruterum.
780 1690 835 1734 Vol.
856 1689 915 1735 xli.
934 1689 1012 1734 lorsam
1029 1690 1140 1733 maxima.

164 1783 197 1827 ll.
217 1782 404 1828 Observationes
423 1779 453 1822 ad
472 1776 562 1835 Sponii
577 1777 732 1822 miscellanea
751 1779 857 1822 eruditae
871 1778 1026 1835 antiquitatis.
1062 1777 1120 1822 Vol.
1140 1776 1159 1821 Ι.
1180 1776 1258 1820 tonna
1275 1789 1338 1820 inas.

150 1871 195 1915 lll.
215 1869 403 1915 Observationes
413 1867 451 1910 *ad
468 1845 620 1910 Reiciesium.
657 1865 713 1910 Vol.
734 1864 778 1909 lll.
798 1865 876 1908 iorma
894 1866 1080 1922 quadruplicata.

152 1959 196 2002 lv.
216 1957 284 2014 Opus
302 1957 450 2002 tessellatum
466 1966 496 1997 ex
512 1951 672 1998 Reinesionia
691 1952 807 1998 iudicibus
825 1930 992 2009 compositum.
1030 1954 1086 1999 Vol.
1106 1953 1126 1997 l.
1151 1951 1174 1997 i.

95 2035 101 2045 ’
161 2048 193 2089 V.
214 2045 280 2101 Opus
299 2044 446 2089 tessellatum
464 2045 488 2086 et
506 2039 695 2098 Observationes
713 2042 742 2084 ad
760 2038 911 2085 bbireitum.
948 2042 1004 2086 Vol.
1025 2041 1057 2086 ΙΙ.
1076 2041 1120 2085 iol.

152 2117 196 2160 Vl.
216 2114 284 2170 Opus
302 2114 450 2158 tessellatum
468 2115 493 2155 et
510 2109 697 2156 Observationes
710 2112 739 2154 ad
757 2108 878 2155 Gadium.
915 2111 970 2155 voi.
991 2113 1010 2155 l.
1031 2112 1073 2156 iol.

140 2202 196 2247 vn:
216 2201 283 2257 Opus
309 2201 456 2246 tessellatam
479 2210 508 2242 ex
532 2195 607 2243 Gorii
630 2197 746 2243 indicibus
771 2203 927 2257 contextum,
957 2212 1000 2245 nec
1024 2212 1071 2244 non
1098 2196 1286 2243 Observationes
1314 2200 1342 2242 ad

216 2270 335 2315 Doaium.
372 2267 469 2313 v01.1.
494 2266 538 2312 iot.

132 2359 200 2404 vni.
220 2358 287 2414 Opus
305 2357 452 2402 tessellatam
469 2361 494 2402 et
510 2354 698 2400 Observationes
713 2354 742 2398 nd
755 2352 830 2400 Gorii
842 2355 1011 2412 inscriptiones
1024 2355 1147 2400 Etruriae.
1179 2330 1295 2400 uetiti.
1317 2352 1341 2398 i.

149 2447 196 2493 lX.
216 2446 283 2502 Opus
301 2445 449 2490 tessellatam
466 2448 491 2488 et
509 2442 696 2489 Observationes
713 2444 742 2486 ad
759 2440 938 2487 liluruiorium.
975 2445 1031 2488 Vol.
1052 2445 1120 2490 vlit.
1140 2445 1184 2489 iol.

163 2535 197 2580 Χ.
218 2534 284 2590 Opus
303 2533 451 2578 tessellatam
469 2536 494 2576 ct
511 2530 699 2576 Observationes
717 2531 746 2573 nd
763 2526 864 2592 Muffeii
880 2531 990 2575 Muscam
1008 2532 1157 2577 Veronense.
1194 2532 1250 2576 Vol.
1272 2532 1291 2576 Ι.
1317 2529 1342 2575 i.

151 2623 197 2667 Xl.
218 2621 405 2666 Observationes
430 2620 459 2662 ad
483 2616 624 2663 Zuclauriue
648 2618 773 2662 Marmora
798 2619 953 2672 salonitana,
986 2623 1009 2662 et
1035 2621 1064 2662 ad
1089 2617 1196 2664 Oceania
1222 2619 1341 2674 inscripti.

218 2691 396 2746 Hispanienses.
432 2689 489 2732 Vol.
510 2687 531 2731 1.
552 2685 576 2732 i.

138 2779 196 2824 ΧΙΙ.
216 2780 366 2823 Mas-morum
391 2774 620 2821 Arundeliunorum
646 2774 750 2821 secunda
775 2773 865 2819 Editio.
914 2774 1017 2822 Londini
1045 2772 1120 2820 1732.
1148 2775 1191 2820 iol.
1221 2775 1345 2831 permultis

219 2863 272 2894 cum
290 2847 409 2893 Observv.
431 2844 659 2891 HAGENBVCHH.

128 2936 198 2981 siu.
218 2935 406 2981 Observationes
425 2934 449 2978 iu
467 2931 583 2978 Pocooliii
599 2933 781 2988 inscriptiones.
819 2933 875 2977 Vol.
896 2908 962 2976 1.'8.

131 3024 200 3068 XIV.
220 3024 391 3079 inscriptiones
408 3023 518 3134 antiquat
541 3021 565 3066 in
587 3017 701 3066 Helvetia
724 3024 844 3065 exstantes
868 3021 983 3065 collectae
1007 3022 1059 3064 ovina
1083 3020 1202 3078 farragine
1227 3020 1347 3066 Observa·

224 3094 323 3137 tionum.
360 3093 417 3136 Vol.
437 3091 480 3136 tv.
519 3120 527 3134 .

144 3179 199 3222 XV.
220 3177 292 3222 indes
317 3178 423 3221 omnium
446 3188 531 3220 vocum
555 3176 583 3220 ad
608 3175 720 3236 sitingen
745 3164 929 3233 lnscriptionam
952 3174 1076 3222 Helvetiae
1095 3179 1222 3237 antiquae,
1252 3179 1348 3224 insertis

222 3253 245 3292 et
260 3248 314 3291 aliis
332 3245 404 3292 rebus
423 3246 532 3302 plurimis
550 3245 579 3289 ad
597 3258 650 3291 rem
667 3247 843 3305 epigrapbicam
860 3247 1042 3303 pertinentibus.
1079 3249 1136 3293 Vol.
1157 3249 1176 3293 l.
1198 3247 1223 3292 i.

133 3335 203 3379 avt.
222 3334 454 3387 Post-Helvetios,
479 3347 522 3378 seu
544 3332 714 3389 inscriptiones
736 3338 803 3379 extra
823 3335 955 3379 llelvetiam
975 3338 1100 3390 inventae,
1125 3342 1149 3382 at
1168 3338 1348 3386 Helvetiorum,

222 3405 366 3457 Raetorum,
384 3406 565 3461 Sequanorum,
590 3403 816 3461 Vindelicorumque
837 3406 976 3449 memoriam
998 3406 1125 3460 habentes,
1152 3408 1279 3466 diligenter
1301 3406 1350 3450 eol·

127 3512 131 3521 .
222 3475 314 3528 lectae;
335 3474 416 3519 itidem
434 3487 488 3518 eum
505 3473 626 3530 farragine
646 3472 856 3518 Observationum.
894 3476 949 3519 Vol.
970 3475 990 3520 l.
1012 3474 1037 3520 i.
1235 3487 1259 3524 ,ι

119 3560 202 3605 Xb‘ii.
222 3560 327 3606 Celtica:
353 3563 410 3606 item
430 3562 459 3604 ad
480 3561 590 3604 notitiam
613 3560 734 3606 Helvetiae
757 3563 885 3620 antiquae,
911 3563 1077 3618 Vindeliciae,
1103 3564 1200 3608 Raetiae
1221 3568 1247 3609 et
1267 3562 1349 3607 Norici

223 3631 332 3684 facientia
351 3645 404 3675 eum
423 3643 504 3675 rerum
522 3629 627 3675 indiculo
644 3631 802 3686 alphabetico.
840 3632 896 3677 Vol.
917 3632 936 3676 l.
958 3630 982 3676 i.

71 3698 74 3703 Ι
101 3717 195 3763 xvsti.
222 3719 397 3777 Prolegomena
422 3717 589 3775 epigrapbica;
624 3721 769 3772 praecedunt
790 3721 905 3776 quaedam
932 3721 961 3763 nd
979 3721 1152 3765 bibliothecam
1177 3721 1352 3779 epigraphis-am

223 3788 348 3841 facientia,
379 3801 423 3832 nec
446 3799 493 3832 non
517 3773 609 3843 Cuperi
631 3791 655 3831 et
678 3785 796 3833 Leibaitii
817 3791 847 3833 ad
864 3788 886 3834 1.
911 3787 933 3832 l.
956 3787 1153 3835 Scbeucizerum
1176 3796 1201 3835 et
1215 3788 1307 3848 Capeti
1323 3790 1352 3834 nd

225 3856 347 3901 Wililium
362 3857 486 3913 epistolae.
524 3856 581 3900 Vol.
602 3855 622 3900 1.
644 3852 669 3901 i.

77 3986 87 4007 x
129 3945 203 3990 XlX.
222 3945 409 3991 Observationes
425 3945 545 3991 miscellae
564 3946 593 3989 ad
612 3945 783 4000 Inscriptiones
802 3947 909 4004 antiquas
921 3978 928 4000 ,
950 3945 1171 3992 Non-Helveticae.
1208 3949 1266 3992 Vol.
1287 3948 1306 3993 l.
1327 3946 1351 3992 i.

142 4033 203 4078 XX.
224 4034 371 4078 Bibliotheca
390 4034 550 4092 epigrapbica.
588 4033 644 4077 voi.
666 4033 713 4078 xl.
734 4031 759 4077 i.

132 4123 204 4167 XXl'.
225 4121 443 4167 ilAGENiiVCiill
470 4121 593 4176 Epistolae
614 4122 645 4165 ad
666 4122 774 4175 euneos,
811 4123 923 4180 virosque
946 4123 1048 4179 doctos;
1077 4137 1131 4169 eum
1152 4123 1288 4170 eorundem
1316 4137 1354 4168 re·

225 4205 330 4248 sponsis.
367 4190 677 4235 Abannovinccxvnl.
697 4193 725 4235 ad
745 4205 834 4234 annum
849 4191 1033 4238 abcessus.
1071 4195 1128 4238 Vol.
1144 4193 1203 4239 xii.
1224 4191 1249 4239 4.
1274 4195 1356 4238 lnsuut

225 4263 341 4317 epistolae
369 4261 406 4305 lo.
430 4259 530 4319 Georgii
553 4262 689 4311 mimenni,
715 4261 861 4321 sigismundi
880 4262 1008 4316 d'Attcms,
1040 4264 1076 4307 lo.
1097 4263 1237 4320 Chrislopb.
1256 4265 1355 4317 Beckii,
1447 4315 1450 4321 Ι

226 4330 286 4374 Lud.
307 4330 421 4383 Bocbnti,
441 4330 476 4373 io.
494 4330 542 4375 lac.
562 4331 689 4382 Bodmeri,
709 4331 745 4376 lo.
763 4331 903 4387 Bouhierii,
923 4331 983 4375 Lud.
1003 4332 1149 4392 Bonrgueti,
1170 4333 1208 4378 (ΣΙ.
1230 4334 1259 4378 de
1276 4333 1356 4386 Bure,

224 4401 260 4444 io.
285 4400 333 4444 luc.
358 4396 523 4457 Breitingeri‚
549 4399 610 4444 Dan.
638 4400 789 4453 lircckneri,
815 4404 875 4460 Aug.
897 4400 933 4445 lo.
956 4400 1094 4458 Buxlorfii,
1124 4403 1191 4447 Petri
1217 4403 1317 4447 Comitis
1334 4404 1357 4446 di

224 4469 344 4525 calepio,
370 4469 466 4513 Henrici
486 4468 671 4528 Cannegieteri,
692 4469 748 4514 Seb.
770 4470 874 4526 Donati,
902 4472 950 4516 lae.
969 4471 1078 4526 Elsneri,
1098 4473 1133 4517 lo.
1153 4476 1215 4532 Aug.
1233 4470 1357 4526 Ernestii,

228 4539 332 4584 Conradi
347 4539 469 4590 Fueslini,
489 4540 599 4607 Andreaq
616 4538 744 4593 Gallandi,
760 4539 797 4584 lo.
813 4540 935 4594 Gesneri,
954 4544 1009 4587 sni.
1023 4542 1110 4587 Frane.
1125 4540 1212 4593 Oorii,
1231 4542 1359 4597 abrahami
1390 4564 1394 4571 ·

363 4777 374 4802 ἱ
