2926 5040
59 154 62 159 “
163 167 221 220 ον.-
678 156 881 217 urrsroun
1145 138 1154 168 ’

164 290 229 344 dere
249 293 460 364 inscriptionem
485 289 681 344 Gruteriauam
703 291 774 357 599,
796 294 823 352 3.
846 292 950 346 nemini
973 303 1037 341 snte
1051 305 1102 341 nos
1117 302 1270 342 tentatam:
1313 302 1411 360 (μοι,

164 383 356 437 emendatione
375 397 422 437 tua
444 380 566 434 noudum
586 384 656 436 mihi
676 387 803 456 cognita,
840 387 986 436 restituere
1012 399 1073 435 sum
1096 397 1212 434 conatus
1238 385 1268 435 in
1293 382 1412 455 epistois

108 490 113 503 ¹
165 475 202 527 ad
221 476 267 528 111.
282 475 444 528 Biaurerum
464 470 555 533 meum
578 493 604 547 p.
627 479 672 534 85.
710 474 784 546 Quid
806 474 856 529 tibi
876 491 970 528 nostra
989 472 1143 528 conferenti
1161 472 1305 543 videatur,
1330 474 1412 528 liber·

164 572 236 622 rime
255 566 364 640 profer,
384 572 461 639 sique
482 583 527 619 tna
548 572 639 620 minue
657 567 692 620 ab
709 567 792 623 editis
815 567 892 621 abire
909 567 1090 634 videbuntur,
1108 567 1225 642 praefer.

194 663 306 734 Pap.
330 664 375 721 86.
401 676 578 714 monumenta
596 663 750 716 Graeca.
724 667 740 698 ⁴²
772 678 820 715 sau
843 661 1024 713 denariorum
1046 661 1145 752 siglam
1171 661 1302 715 habentis
1321 660 1411 715 breri-

166 770 223 809 tate
241 748 398 809 admirabili
415 759 606 825 coniungens,
644 754 905 820 Praeclarissimus,
938 759 1045 827 inquis,
1076 759 1182 806 amicus
1205 752 1258 806 hers
1280 759 1413 826 praecoci

165 853 249 900 nimis
258 848 332 918 sato
354 857 471 920 raptres,
492 845 589 918 loseph
608 845 829 912 ssiMAitnlvs‚
850 845 973 899 aeto.
999 844 1077 897 mille
1094 853 1123 897 et
1140 844 1195 898 duo
1211 846 1300 900 millu
1325 854 1411 900 vertit

164 948 195 994 in
214 942 256 994 et.
272 939 430 992 Muratort's'
442 941 605 1000 ,collectione
623 959 650 1014 p.
671 943 742 1007 809,
763 945 789 995 1.
828 936 932 1007 „Quod
960 937 999 990 ibi
1019 937 1120 1010 legitur
1137 943 1308 1012 epigramma
1329 940 1413 995 Grae-

89 1044 91 1049 '
166 1050 248 1100 oum,
267 1052 347 1088 versu
366 1036 491 1106 inprimis
511 1032 647 1099 secundo,
666 1036 783 1106 pessime
800 1030 941 1097 hobitum,
970 1048 985 1083 a
1009 1031 1220 1104 Muratorioque
1246 1031 1411 1106 depositum,

166 1128 228 1181 aliis
248 1143 388 1201 praeterea
406 1125 513 1180 mendis
533 1125 654 1180 obsitum
674 1141 715 1179 est
735 1123 875 1199 pluribus:
895 1129 925 1178 in
944 1124 1042 1197 quibus
1058 1123 1236 1199 repurgandis
1254 1145 1312 1180 non
1328 1133 1410 1181 modo

165 1220 327 1275 Bimardum
345 1225 415 1274 vires
431 1217 605 1286 defecerunt,
624 1217 673 1272 sed
695 1235 722 1273 et
743 1219 931 1271 Muratorium
950 1222 981 1273 iu
999 1216 1152 1271 tractandis
1176 1218 1292 1273 Graecis
1315 1225 1414 1274 inscri-

100 1337 104 1341 ·
165 1314 308 1387 ptionibus
328 1311 475 1367 admodum
495 1311 634 1367 infelicem
657 1322 683 1366 et
699 1327 795 1385 parum
816 1315 951 1385 peritum,
971 1327 1115 1364 successus
1132 1309 1270 1366 destituit.
1309 1314 1411 1368 Neuter

168 1404 254 1473 ¹uidit,
274 1423 369 1460 saxum
389 1424 447 1460 esse
468 1400 627 1484 ἔμμετρον.
667 1406 735 1458 Sunt
755 1421 821 1458 vero
841 1421 934 1458 versus
951 1403 1065 1458 iambici
1088 1407 1223 1460 trimetri:
1243 1423 1313 1480 quos
1326 1413 1411 1463 nitori

172 1517 222 1554 suo
241 1516 268 1554 et
287 1504 411 1554 numeris
430 1504 472 1553 sic
492 1497 568 1552 reddi
589 1514 655 1571 puto
674 1515 770 1571 posse:
826 1539 829 1543 -

311 1606 419 1690 ’Ἦμην
442 1607 615 1689 οτόλαρχης
633 1608 792 1668 Ποντικῶν
807 1607 883 1669 νεῶν
901 1604 975 1687 ἐγὼ,

319 1699 511 1783 Ὀξηοὲτμοις
533 1700 674 1781 πτέρυξιν
692 1699 891 1781 ἡγαπημὲνος
967 1754 987 1762 ,

237 1797 244 1808 ’
313 1793 386 1856 Ἀνὰ
406 1791 540 1874 στρατὸν
558 1793 741 1872 Κρισπεῖνος
757 1791 879 1870 ὲυκλεὴς
894 1792 983 1873 ἁνήρ.

311 1886 461 1969 Ῥάβεννα
480 1886 505 1946 δ’
518 1879 557 1964 ἦν
568 1907 628 1966 μοι
639 1883 751 1966 πατρὶς
769 1885 892 1966 ἀρχαία
910 1889 1004 1953 πόλις.

315 1978 428 2061 Ἔγνως
445 1981 491 2047 τίς
510 1978 612 2060 ἥμην,
630 1976 685 2038 καὶ
702 1979 789 2045 ποῖος
808 1980 894 2059 γένος
915 1983 1009 2064 κυρῶ.

320 2072 437 2135 Λοιπὸν
457 2073 636 2150 φυλάσσου,
653 2070 700 2152 μή
719 2071 769 2132 τιν’
794 2072 932 2160 ἕνθήοῃς
950 2073 1060 2150 τάφῳ,

318 2167 466 2241 Δίκηνι9’
488 2166 602 2251 ὺφὲξης
619 2164 806 2267 παρανόμου
824 2165 1048 2246 τνμβωρύχον,

320 2261 422 2333 ‹alono›
441 2279 473 2319 τε
492 2256 592 2344 duppe
610 2258 627 2291 ⁶
641 2240 679 2316 ’Β.
699 2256 754 2316 καὶ
772 2280 811 2345 tp
796 2257 947 2318 πόλει2
964 2271 999 2319 Α.
1005 2263 1032 2328 ¹)

135 2440 145 2446 -
215 2372 341 2429 Versui
360 2389 458 2427 octavo
474 2376 557 2425 metri
575 2376 645 2426 ratio
664 2370 759 2445 pulcre
775 2385 900 2441 constat,
920 2375 944 2426 si
962 2390 1025 2426 eum
1044 2371 1194 2429 subtractis
1215 2334 1246 2428 in
1267 2375 1424 2431 metiendo

172 2467 291 2542 siglis*
312 2471 353 2521 sic
374 2467 532 2519 efferamus:

247 2560 286 2617 nt
284 2580 348 2631 cusp
367 2579 399 2618 τε
417 2554 592 2644 dwupcdlc,
552 2552 666 2616 ίκαὶ
684 2578 722 2644 πη
706 2555 824 2616 odiet
842 2554 933 2630 ἅπαξ.
974 2558 1042 2616 Seii.
1055 2559 1072 2593 ‘²
1073 2577 1147 2615 .seu
1164 2556 1300 2638 δηνάοια
1314 2561 1413 2639 χίλια.

170 2653 242 2727 quod
258 2655 312 2707 hoc
332 2654 385 2707 fine
404 2650 534 2726 adposui,
566 2667 598 2705 ut
620 2657 679 2725 ipse
699 2666 773 2706 tuam
789 2651 859 2706 mihi
879 2658 1063 2722 sententiam,
1097 2651 1186 2709 idest
1206 2672 1301 2710 rerum
1323 2661 1415 2731 ipsum

141 2800 144 2805 ,
170 2747 258 2801 dicas.

246 2845 492 2899 0¹·11PETM012
512 2841 700 2895 ΠΤΕΡΥΞΙΝ
723 2836 806 2892 habet
830 2838 1019 2912 metaphoram
1046 2837 1081 2892 de
1112 2838 1227 2893 naribus
1257 2856 1286 2896 et
1316 2841 1412 2897 atibus

171 2937 339 3008 reciprocari
366 2936 484 2985 maxime
513 2932 635 2986 solitam.
677 2926 858 3009 Ὀξήρετμος
881 2930 992 3003 (eadem
1014 2936 1122 2986 ratione
1148 2941 1335 3008 compositum
1358 2952 1412 3010 qua

171 3025 352 3104 ἔπήρετμος)
374 3031 410 3079 in
439 3026 546 3078 Lexicis
573 3025 688 3077 Graecis
717 3023 807 3077 adhuc
828 3042 886 3078 non
910 3030 1075 3099 comperuit.
1112 3026 1215 3081 Notum
1237 3042 1333 3083 autem
1354 3044 1415 3101 est,

172 3116 243 3192 ὀξὺν
261 3136 288 3172 et
308 3138 401 3170 acrem
417 3134 512 3172 notare
529 3133 557 3171 et
576 3117 699 3170 celerem.
737 3119 814 3190 Virg.
835 3119 916 3172 Aen..
928 3125 961 3184 5,
984 3121 1048 3177 116.

247 3222 279 3276 V
283 3223 416 3274 elecem
440 3218 604 3273 Mnestheus
628 3225 694 3288 agit
718 3225 800 3271 acri
823 3227 936 3292 renuge
954 3221 1073 3277 Pristin.

245 3327 298 3385 Vel'
316 3351 349 3386 ex
365 3334 504 3406 cyziceno
523 3330 645 3387 Bimerdi
665 3336 706 3386 tui
722 3316 861 3386 marmore
878 3333 990 3388 Graeco
1008 3338 1031 3387 si
1051 3335 1221 3389 Muratorius
1241 3342 1413 3394 meminisset

171 3434 304 3495 remit,
323 3431 438 3478 navium
453 3428 546 3481 Attice
566 3423 723 3498 siguificare
743 3425 778 3478 ab
797 3426 889 3496 ναῦς,
907 3444 964 3480 non
979 3429 1266 3500 tantum'templorum
1279 3431 1315 3485 eb
1329 3430 1415 3500 ναὸς,

171 3519 206 3575 ad
228 3536 324 3574 saxum
338 3519 486 3584 Veronae,
507 3523 536 3571 in
554 3536 647 3573 museo
662 3517 782 3590 publico.
818 3517 865 3570 Ex
883 3519 1049 3572 Marchs'one
1065 3515 1185 3594 Maffet'o
1198 3522 1292 3578 datum
1306 3529 1371 3593 825,
1386 3533 1414 3587 7.

528 3611 725 3665 mutuatio
756 3614 809 3666 Ex
834 3612 1053 3669 Nuorrtsca
1200 3594 1202 3598 ’

171 3725 230 3762 non
248 3705 423 3772 adnotasset,
457 3704 526 3775 „Ex
543 3703 719 3777 Neofylace,
744 3705 870 3773 hooest,
897 3711 943 3778 qui
960 3722 1040 3760 antea
1059 3704 1148 3761 fuerat
1166 3707 1275 3780 Templi
1294 3709 1412 3778 Custos,
1447 3684 1455 3700 ’

171 3817 231 3856 tum
249 3801 367 3853 militiae
387 3797 528 3865 addictus,
557 3799 717 3853 Veteremss
734 3813 875 3865 evaserat,
904 3800 1041 3856 nisi0hsio
1063 3816 1217 3873 cognomen
1232 3802 1350 3858 alicuius
1366 3820 1416 3857 na-

171 3900 211 3949 vis
232 3893 399 3959 habeatur,”
432 3910 519 3962 neque
540 3890 602 3945 Iud.
622 3898 668 3959 5.,
705 3908 756 3945 ceu
781 3907 922 3952 sacrorum
946 3897 1072 3948 minister
1098 3891 1132 3946 ab
1155 3911 1188 3947 eo
1208 3912 1280 3950 esset
1306 3880 1420 3970 positus⁰

171 3980 344 4062 Neophylax
363 4004 410 4040 seu
432 3985 540 4056 Templi
559 3984 659 4038 Custos
678 3989 752 4051 ⁸23,
773 3989 798 4041 7.
843 3983 1057 4059 Νεωᾳύλανα,
1085 3985 1273 4062 ναοούλακα
1292 3991 1416 4061 templo-

171 4077 235 4135 ναοί
255 4078 415 4148 custodem,
434 4066 541 4132 tantum
558 4092 660 4132 norunt
679 4077 779 4132 Lexica
800 4077 956 4147 Graeoa²)t
980 4077 1074 4133 eadem
1094 4069 1277 4157 νεωᾳύλακα
1296 4088 1415 4137 navium

173 4203 486 4223 m

208 4283 232 4339 i)
252 4285 339 4342 legitur
356 4283 458 4328 nuncin
445 4281 513 4325 n.Ci
531 4278 747 4326 iecobsiidntitoi.
764 4278 845 4325 Petne.
866 4280 897 4326 Τ.
918 4277 943 4325 2.
960 4277 1061 4338 ρ.,821
1081 4277 1158 4338 222,
1178 4282 1260 4331 ubit.
1280 4282 1305 4330 2.
1324 4286 1417 4332 elior-

171 4362 231 4405 viuii
259 4354 351 4400 emend.
378 4355 448 4408 lorge
467 4357 552 4400 metius
574 4366 630 4398 saue
654 4354 731 4399 dedit:
768 4340 944 4421 ἕξηροτμοις
962 4344 1102 4433 mipv5w
1117 4340 1340 4426 ν’]χλαΐσμὲνων.
1365 4365 1417 4404 turo

171 4443 195 4474 r.
217 4426 242 4474 5.
265 4418 347 4481 τίνος
364 4417 476 4493 γένους
495 4440 518 4471 v
539 4424 563 4472 7.
584 4415 775 4494 παρανόμως
792 4421 1013 4498 τνμβωριχῶν.

207 4517 233 4576 2)
256 4519 328 4564 etism
345 4516 529 4564 §concideres
522 4533 546 4565 tu
565 4507 732 4585 νεωᾳὺλαξ.
