2926 5040
558 132 829 193 uulua-ttamen
848 133 903 191 1x.
1102 85 1107 93 ·
1178 194 1182 201 .
1301 138 1358 207 &55

107 267 377 334 cumulabatur,
407 267 555 323 Pantinlua
578 266 738 336 lueidietet,
765 282 829 321 eum
849 230 1050 341 lepadium,
1078 267 1253 323 contuleram
1272 266 1358 323 cam·

107 368 223 437 paulae,
253 363 363 416 nonde
382 360 533 436 Lampadio
553 361 674 416 Consule
694 366 763 416 aextl
786 362 889 429 eeeuli,
917 360 966 417 aed
984 360 1019 417 de
1039 362 1192 437 Lampadio
1210 361 1357 419 Pneteeto

107 457 175 511 irbi
195 472 221 511 a.
243 457 308 512 Cltr.
325 457 389 516 566.
409 459 502 529 putide
521 452 607 509 fultae
628 461 900 530 interpretaturum⁰⁴

182 550 276 623 Neque
294 553 435 603 eoniieere
453 566 510 604 non
528 549 612 618 lieet,
644 548 823 624 Lampadium
849 554 940 621 quarti
967 548 1071 618 reeull,
1102 553 1228 623 quamrie
1254 565 1357 604 coneu-

106 641 196 697 latum
221 658 363 715 nunquam
388 658 585 711 eoueeeutum,
617 616 702 697 udum
724 659 886 717 proavorum
904 643 1047 716 Lampadi!
1067 659 1092 698 a.
1113 644 1181 700 Chr.
1205 648 1270 705 530.
1287 658 1357 698 eon·
1380 675 1385 683 -

106 736 176 790 ealle
195 735 289 790 luieee.
318 737 448 808 flauoque
469 737 749 793 LAMPADIORVM
767 734 901 791 {amilium
923 754 1043 791 ueterem
1064 752 1092 792 et
1112 736 1258 791 inlustrem
1276 752 1355 791 teuto

107 829 204 883 eeeulo
220 833 349 902 inprimit
368 829 517 907 ehmiaee,
549 828 661 885 tandem
679 830 722 886 tel
741 848 775 884 ea
795 847 829 884 eo
851 834 1036 900 eonieeeritn,
1066 829 1140 905 quod
1162 834 1193 885 lu
1211 830 1355 906 Dlptyelto

106 923 186 978 TVO
204 923 419 996 πληθυντικῶς

500 1032 505 1054 ⁸
590 1014 871 1071 Leualnlonvni

107 1107 229 1182 legatur,
253 1125 311 1162 uon
330 1104 435 1172 ἑνικῶς
452 1107 646 1164 Lemnon.
684 1109 771 1163 Cuine
790 1109 904 1181 pluralia
923 1113 1048 1178 numerl,
1074 1112 1104 1164 ln
1123 1109 1271 1185 Diptyehie
1288 1126 1354 1169 ante

107 1201 214 1255 'tvvm
233 1205 385 1267 lutitltatl,
405 1206 540 1255 rationem
559 1204 612 1255 etel
631 1218 688 1254 non
707 1198 871 1255 facillimum
889 1206 926 1256 eit
945 1201 1089 1275 expedire,
1111 1203 1237 1257 audaeuli
1257 1220 1352 1258 notam

108 1298 154 1347 alx
181 1294 359 1366 effugiturus,
391 1292 457 1366 quid
486 1294 557 1348 mihi
586 1294 619 1348 de
647 1293 702 1347 hoe
732 1285 847 1348 admeto
880 1293 1021 1361 rideatur,
1053 1293 1130 1348 brevi
1158 1309 1239 1362 ante,
1270 1314 1352 1368 qum

106 1386 217 1455 finiam,
245 1387 404 1457 QVllllNO
423 1402 557 1461 exponam
577 1404 655 1459 tneo,
684 1403 731 1455 ut,
758 1391 782 1441 tl
802 1391 893 1441 minue
914 1392 970 1441 teri
995 1388 1098 1441 rimilia
1120 1387 1211 1442 dicere
1231 1389 1354 1458 videbor,

105 1486 226 1535 certiora
243 1500 275 1533 ex
291 1481 358 1548 TE,
375 1464 531 1535 Ca'rdinalie
548 1464 791 1549 Eminentiteime,
810 1479 935 1553 idemque
957 1482 1130 1536 PATRONE
1148 1481 1353 1555 Eruditieeime,

92 1591 289 1648 eopnoteam,
309 1557 425 1645 veroque
446 1579 508 1648 ipen
525 1580 638 1648 cognito
656 1591 762 1628 erroret
783 1579 888 1648 poesim
909 1573 1045 1647 deponere
1066 1591 1151 1629 meoe.

180 1668 295 1723 Contuli
315 1669 391 1724 Tvo
409 1667 498 1722 lorma
517 1673 674 1741 augustiore
702 1684 831 1740 expresso
857 1666 955 1721 adeunt
981 1672 1033 1722 viri
1059 1665 1114 1722 duo
1134 1673 1242 1722 minore
1260 1666 1351 1723 forma

103 1761 255 1835 euteulpti,
284 1759 319 1814 ad
343 1759 467 1815 dextram
492 1759 577 1829 ulter,
609 1760 679 1814 alter
698 1759 733 1813 ad
752 1765 916 1835 sinistram„
943 1760 1044 1815 Tribus
1064 1762 1107 1815 hie
1128 1765 1194 1816 viria
1214 1777 1270 1816 tree
1289 1765 1353 1818 eub-

103 1870 170 1909 eunt
195 1853 291 1923 eellae,
323 1870 438 1927 quarum
462 1852 553 1908 media
577 1852 612 1931 ab
639 1854 805 1927 reliquarum
831 1852 946 1907 duarum
975 1852 1065 1908 forma
1093 1854 1223 1908 nonnihil
1249 1854 1353 1913 differt.

104 1952 151 2004 An
175 1953 351 2024 interpretari
377 1947 475 2003 licebit
499 1948 533 2001 de
553 1945 718 2020 Lampadiae
742 1944 864 2000 familiae
885 1951 1049 2000 munerariis
1071 1946 1180 2017 tribue?
1214 1950 1254 2002 De
1273 1949 1353 2004 Lam-

107 2040 193 2117 padio
214 2041 344 2111 eontule,
374 2041 482 2097 Otettle
508 2040 630 2115 collega,
661 2056 685 2096 a.
707 2039 774 2095 Chr.
792 2044 873 2108 530,
899 2038 997 2093 deiude
1016 2038 1050 2094 de
1068 2022 1229 2113 Lampadiie¹
1246 2040 1353 2099 duoltue

106 2136 185 2205 aliie,
210 2140 257 2209 qul
277 2133 374 2191 eodem
392 2152 465 2189 anno
483 2132 691 2207 magiatratibue
711 2134 857 2188 consulatu
877 2133 1049 2201 minoribus,
1079 2131 1198 2187 lortaeee
1225 2152 1352 2207 praetura

106 2229 195 2299 alter,
212 2229 281 2283 alter
300 2244 460 2301 quaestura,
478 2227 622 2301 fungentee
642 2225 767 2282 dederint
786 2227 875 2281 ludoe.
908 2228 971 2282 Non
992 2225 1075 2281 modo
1095 2232 1167 2281 enim
1187 2230 1353 2300 consulatui,

105 2320 155 2378 ee'd
176 2328 259 2401 etiapt
280 2320 400 2376 urbanae
419 2338 578 2395 praeturae,
598 2336 625 2375 et
645 2337 821 2394 quaesturae,
850 2308 1019 2391 edendorum
1039 2337 1107 2375 ouue
1127 2319 1256 2374 ludorum
1275 2327 1355 2379 lucu·

104 2416 207 2472 huiete'
219 2432 338 2471 eouetat.
376 2417 438 2469 Vid.
458 2415 501 2470 vel
522 2415 716 2489 Symmachum
736 2414 812 2468 Libr.
831 2415 879 2470 lv.
899 2420 980 2488 epist.
1000 2418 1046 2474 59.
1067 2431 1094 2468 et
1113 2416 1161 2474 60.

179 2515 239 2579 An,
267 2513 313 2584 qui
339 2507 374 2564 ad
399 2508 523 2565 dextram
542 2508 686 2583 Lampadil
711 2507 832 2562 eontulie
854 2526 995 2582 expreetue
1016 2525 1074 2576 eet,
1102 2506 1203 2575 frater,
1233 2506 1267 2561 ed
1285 2510 1354 2561 ainl-

103 2620 197 2685 ainaim⁸
211 2605 282 2659 filine
302 2601 400 2668 fuerin
426 2619 461 2658 au
481 2603 552 2657 filine
572 2619 686 2674 uterque
705 2600 849 2676 Lampadil
865 2601 1008 2668 eontulit,
1032 2607 1060 2655 ln
1080 2617 1158 2669 tanto
1178 2603 1352 2674 antiquitatle

89 2698 141 2753 'de
164 2697 271 2752 faenilia
297 2695 448 2772 Lampadia
475 2696 588 2751 eilentio
612 2694 761 2750 decernere
790 2700 967 2750 temerarium
992 2712 1078 2749 earet:
1112 2700 1140 2750 iu
1165 2698 1352 2769 primia-quia

103 2796 189 2866 periit
210 2791 295 2847 altera
313 2791 447 2866 Diptyehi
466 2792 529 2845 'l'Vl
548 2789 661 2846 tabella:
686 2805 755 2864 quae
774 2793 798 2842 el
826 2804 981 2863 tupereeeet
1008 2789 1105 2857 nobie,
1128 2786 1245 2843 lortaaee
1267 2788 1353 2854 illiue,

106 2901 189 2959 quam
207 2901 289 2940 eurae
309 2886 403 2940 Tvnu
423 2900 450 2939 et
470 2900 569 2957 operae
588 2882 735 2951 debemur,
756 2882 851 2937 literae
872 2887 975 2938 certine
996 2886 1254 2956 interpretaremur,
1276 2887 1354 2957 genl-

105 2982 209 3052 tirique
241 2979 370 3054 pluralia,
401 2977 699 3047 LAMPADIORVM,
730 2982 868 3049 ratipnem
902 2991 930 3031 et
959 2982 1092 3051 tyutuxin
1120 2976 1220 3033 meliue
1248 2992 1354 3049 eogno-

109 3086 260 3128 nectemus.

181 3168 275 3239 Quare
300 3167 414 3220 molum
440 3180 515 3219 nune
540 3161 614 3218 lucio
639 3161 812 3232 hariolandi,
841 3179 868 3217 et
890 3160 963 3236 quod
988 3161 1071 3217 ltotlie
1091 3163 1159 3216 mihi
1179 3178 1265 3216 reatae
1283 3179 1355 3218 tem·

106 3264 199 3334 porie,
228 3260 371 3315 FLORAE
395 3258 557 3330 QVllllNl,
587 3256 670 3332 digne
696 3257 768 3333 apud
793 3274 845 3311 noe
876 3254 1013 3326 edendae,
1044 3257 1093 3311 Tu
1119 3261 1159 3312 ita
1188 3258 1297 3314 uolente
1325 3273 1354 3315 ea

106 3353 235 3420 iubente,
254 3351 306 3420 do,
324 3353 405 3420 dieo,
423 3350 531 3406 dedico.

179 3447 291 3514 VALE,
309 3446 536 3500 Eminentiteime
558 3442 748 3510 PRlNCEPS,
768 3444 884 3497 etmihi
905 3441 995 3498 favere
1013 3462 1106 3519 perge.

181 3540 281 3596 'l’ueiei
300 3539 490 3597 Helvetiorum
513 3538 547 3591 ad
566 3536 641 3593 diem
658 3524 739 3595 v‘tff.
758 3536 825 3592 ldue
843 3537 945 3593 Maiae.

512 3633 666 3688 MDccu.

575 3779 900 3802 m

705 3909 748 3969 X.

181 3982 219 4085 Vi
244 4026 287 4083 ei.
313 4027 355 4081 lo.
377 4027 516 4100 Auguatue
542 4024 701 4080 ERNESTI
726 4024 820 4080 Nonie'
842 4025 926 4079 Malia
954 4026 1036 4084 175o
1071 4021 1105 4076 ad
1135 4025 1351 4094 Breitingeeunr.

104 4118 283 4196 (lleepondet
301 4121 469 4192 Breitingeri
488 4119 621 4192 epietolae
648 4118 848 4179 a'l'iutmanuo
874 4116 964 4171 editae
989 4121 1037 4184 (ln
1056 4118 1096 4171 D.
1115 4110 1269 4185 dedolenti
1285 4122 1355 4186 (eie)

103 4216 137 4272 L.
157 4219 188 4272 C.
208 4216 406 4272 Valedettaeril
424 4211 504 4266 adl.
524 4212 563 4268 A.
581 4211 697 4264 Ernesti
715 4212 844 4285 epistolis
861 4213 938 4296 Llpa.
959 4218 1043 4273 1812.
1062 4227 1125 4285 pag.
1145 4214 1204 4279 78.)

618 4338 837 4355 m

181 4412 315 4469 Nondum
338 4412 475 4487 legeram,
506 4428 591 4485 quum
617 4410 765 4483 epietolam
790 4427 865 4466 tuam
892 4416 1062 4484 acciperent,
1093 4424 1162 4482 quae
1187 4407 1220 4462 de
1245 4410 1350 4482 Hagen·

110 4508 210 4565 lruehii
235 4506 362 4583 epietolie
388 4507 463 4563 dieta
488 4523 554 4563 auut
571 4510 601 4560 in
620 4507 698 4560 Aetia
718 4506 917 4561 loeeheriauie.
958 4504 1012 4560 Sed
1033 4503 1191 4559 admouitue
1210 4502 1354 4557 demuma
