2926 5040
115 166 163 256 m
314 201 387 224 .,
542 184 943 255 runnsnrlo

116 382 206 425 suam
250 364 401 446 quodque
443 359 574 425 classem
615 358 751 423 relatum
792 377 907 441 magna
941 377 1012 420 cum
1043 354 1196 420 facilitate
1230 353 1367 420 inveniri

118 485 226 558 quest.
577 485 579 489 '

200 585 301 651 Cuius
320 585 447 672 quidem
470 583 597 669 generis
619 583 652 647 in
670 584 837 647 thesauros
852 584 993 648 nondum
1006 581 1163 646 illatarum
1178 580 1364 665 inscriptio-

116 710 192 763 num
216 702 354 782 quintam
376 698 476 763 ferme
496 708 619 779 partem
641 717 729 760 meae
747 694 947 759 collectionis
965 693 1038 758 iore
1058 694 1223 777 sponde03
1246 697 1363 778 quade

114 793 151 874 re
170 809 270 875 cuivis
289 813 464 887 constabit,
499 810 554 873 ubi
583 809 637 872 vel
657 808 791 872 indicem
813 808 970 872 librorum
990 818 1067 888 pest
1087 804 1211 871 Donati
1231 808 1363 889 supple·

114 935 253 987 mentum
274 944 464 987 excusorum
495 934 527 986 et
555 943 572 985 a
600 943 650 984 me
680 931 906 1002 excerptorum
937 919 1093 1002 inspicere
1117 920 1266 1003 dignatus
1287 920 1360 983 erit.

115 1036 222 1099 Multa
244 1034 370 1121 quidem
392 1034 544 1111 Millino,
568 1038 624 1098 sed
645 1035 742 1118 longe
764 1031 900 1114 plurima
921 1034 1024 1096 debeo
1047 1032 1210 1109 Marinio,
1235 1033 1308 1098 viro
1330 1032 1362 1095 in

112 1148 162 1211 his
177 1147 288 1212 studiis
304 1147 536 1222 versatissimo,
556 1157 590 1210 et
607 1143 830 1231 Hagenbuchii
845 1145 988 1221 aemulo,
1012 1144 1084 1209 ideo
1100 1144 1193 1208 etiam
1207 1143 1359 1222 feliciori,

110 1262 200 1344 quod
222 1260 251 1323 ei
273 1259 393 1343 lapides
414 1259 504 1341 ipsos
521 1258 622 1323 oculis
640 1279 808 1340 usurpare,
831 1257 1056 1342 ingentemque
1075 1278 1362 1353 numerum-nuper

113 1374 237 1463 demum
259 1384 424 1456 erutorum
445 1371 551 1454 primo
572 1371 696 1454 publici
717 1369 795 1433 iuris
818 1368 926 1433 facere
948 1369 1049 1431 licuit.

199 1485 274 1565 Quo
290 1474 371 1549 vere
385 1505 448 1567 pro
461 1483 595 1548 instiurti
608 1456 671 1547 mei
685 1505 805 1547 summa
819 1481 931 1565 populi
944 1479 1081 1558 Romani
1092 1481 1200 1558 vitam,
1215 1482 1264 1562 (V
1265 1502 1359 1546 arro·

111 1596 208 1660 niano
224 1598 486 1676 vocabuloutor)
502 1618 596 1681 quam
609 1596 746 1659 maxime
760 1595 830 1660 lieri
844 1606 965 1678 posset,
983 1593 1225 1676 inscriptionum
1237 1594 1359 1659 auxilio

110 1708 324 1784 illustrarem,
347 1711 431 1771 hanc
447 1708 530 1771 viam
545 1707 623 1771 mihi
636 1708 875 1792 ingrediendam
891 1719 981 1771 ratus
997 1729 1083 1782 sum,
1107 1717 1143 1769 ut
1156 1705 1246 1771 initio
1263 1716 1359 1787 capto

60 1868 63 1877 ,
109 1823 150 1883 ab
175 1820 248 1902 ipso
270 1820 381 1903 populi
402 1819 540 1885 Romani
562 1820 725 1885 domicilio
749 1841 785 1882 ac
807 1823 900 1898 sede,
926 1821 1016 1884 Urbe
1039 1831 1186 1908 aeterna,
1210 1840 1270 1901 per
1294 1818 1358 1889 siu·

109 1934 201 2018 gulas
224 1933 290 1996 eius
310 1932 460 2017 regiones
481 1933 653 1997 iter‘velut
673 1930 890 2007 instituerem,
915 1954 952 1996 ac
973 1932 1191 1996 memorabilia
1212 1951 1358 2018 quaeque

112 2045 236 2128 lapidea
252 2057 454 2110 monumenta
468 2046 634 2129 seligerem
649 2067 709 2127 per
723 2049 849 2110 easdem
864 2046 915 2109 vel
934 2045 1010 2109 olim
1025 2055 1165 2127 reperta,
1186 2044 1238 2108 vel
1254 2046 1358 2107 adhuc

111 2157 278 2221 exstantia.
322 2160 380 2221 Ex·
406 2159 496 2223 Urbe
519 2158 591 2222 dein
611 2179 806 2242 progressus
828 2158 951 2222 ltaliam
973 2180 991 2221 a
1012 2156 1240 2238 septemtrione
1263 2156 1358 2234 meri·

111 2270 192 2333 diem
216 2291 328 2333 versus
351 2293 420 2363 cum
442 2269 554 2334 insulis
584 2270 649 2334 suis
677 2269 866 2354 peragravi,
900 2269 944 2332 ita
971 2264 1008 2333 ut
1036 2271 1075 2332 ad
1097 2289 1133 2332 ea
1154 2268 1356 2352 potissimum

109 2382 245 2446 animum
265 2387 477 2458 adverterem,
500 2404 581 2476 quae
601 2382 694 2447 situm
717 2394 812 2468 atque
827 2382 954 2466 antiqua
968 2380 1098 2446 nomina
1112 2380 1356 2464 municipiorum

109 2495 369 2580 coloniarumque
392 2497 564 2571 docerent,
590 2507 639 2572 et,
664 2517 745 2581 quae
764 2495 985 2577 praetermissa
1008 2494 1160 2569 viderem,
1185 2506 1240 2558 aut
1260 2493 1357 2578 igno·

77 2669 81 2677 ,
106 2619 174 2670 rata
195 2628 212 2669 a
233 2605 407 2684 Cluverio,
434 2606 589 2684 Cellario,
614 2609 807 2683 Mamerto,
832 2607 922 2671 nimis
940 2607 1107 2671 fastidioso
1122 2606 1262 2688 lapidum
1278 2627 1358 2671 con·

106 2732 285 2803 temptore,
310 2741 347 2782 ac
369 2719 571 2796 Reichardo,
604 2720 745 2785 studiose
767 2721 972 2803 colligerem:
1006 2719 1067 2783 etsi
1094 2719 1249 2802 plurima,
1274 2702 1382 2803 quae*

105 2853 209 2916 aequo
232 2853 306 2895 sane
328 2831 397 2895 iure
418 2832 482 2895 huc
502 2831 683 2914 potuissent
702 2832 837 2908 referri,
862 2852 932 2896 meo
949 2853 989 2895 ex
1006 2831 1142 2897 consilio
1162 2834 1357 2895 reservanda

67 2961 71 2969 “
105 2955 195 3008 erant
223 2944 321 3027 capiti
350 2947 389 3007 ad
415 2966 484 3009 rem
514 2944 733 3027 municipalem
756 2943 923 3026 spectanti.
969 2943 1033 3007 Sed
1051 2943 1083 3007 in
1102 2944 1234 3028 reliquis
1255 2945 1355 3009 Orbis

104 3055 244 3119 Romani
266 3055 410 3139 partibus
435 3056 694 3142 provinciisque,
728 3055 907 3139 Hispania,
947 3056 1130 3133 Britannia,
1170 3058 1353 3135 Germania,
1393 3140 1398 3147 α

108 3168 232 3245 Gallia,
267 3169 399 3246 Raetia,
434 3170 577 3246 Norico,
612 3169 800 3244 Pannonia,
834 3168 1011 3244 Dalmatia,
1050 3168 1167 3244 Dacia,
1204 3168 1352 3246 Graecia,

106 3280 187 3345 Asia
209 3279 352 3357 minore,
376 3282 533 3366 Aegypto
556 3294 588 3345 et
609 3283 722 3348 Africa
743 3281 916 3364 specimina
937 3292 1056 3344 tantum
1081 3285 1181 3345 danda
1203 3281 1354 3358 iudicavi,

106 3393 188 3457 idem
203 3406 307 3457 tamen
321 3393 487 3458 consilium
508 3407 647 3470 secutus,
670 3406 724 3471 ut,
746 3416 827 3479 quae
841 3393 977 3457 maxime
994 3405 1106 3458 notatu
1121 3395 1219 3479 digua
1231 3406 1352 3473 essent,

105 3506 160 3569 vel
180 3506 327 3591 neglecta
348 3528 366 3570 a
389 3507 585 3591 geographis
608 3507 778 3593 deligerem
802 3518 896 3592 atque
920 3507 1114 3570 exhiberem.
1158 3508 1206 3572 At
1231 3508 1352 3589 patriae

106 3640 216 3684 amore
246 3622 359 3683 ductus
388 3619 479 3682 aliam
507 3641 642 3701 prorsus
671 3619 826 3684 rationem
856 3619 985 3682 adhibui
1012 3620 1043 3683 in
1066 3619 1152 3683 saxis
1174 3619 1354 3683 Helveticis

107 3731 346 3814 conquirendis,
364 3730 542 3813 periculum
557 3731 649 3795 simul
661 3732 818 3807 facturus,
836 3711 1004 3817 quousque
1018 3732 1143 3796 iuvaret
1156 3732 1186 3795 in
1203 3732 1353 3796 Latinam

103 3865 232 3929 qumque
246 3843 470 3929 epigraphicen
485 3842 648 3909 introduci
662 3845 805 3909 ordinem
821 3845 908 3908 illum
928 3844 1192 3929 geographicum,
1210 3843 1277 3929 qui,
1294 3844 1355 3909 etsi

106 3977 147 4018 cx
169 3968 260 4037 parte
282 3957 516 4021 contradicente
539 3954 685 4040 Koppio,
709 3957 742 4020 iu
764 3959 888 4021 Graeca
911 3957 1025 4020 merito
1047 3957 1167 4039 placuit
1186 3957 1353 4022 Boeclthio

103 4068 151 4130 V.
170 4067 223 4133 cl.
241 4068 372 4153 eiusque
387 4068 484 4134 sociis
495 4066 728 4134 eruditissimis.
752 4068 961 4152 Experientia
973 4068 1072 4155 igitur
1084 4092 1132 4134 me
1144 4070 1266 4145 decuit,
1282 4069 1355 4134 fieri
1403 4060 1407 4067 ’

101 4179 133 4242 id
149 4179 276 4265 quidem
292 4202 401 4263 posse,
424 4181 521 4244 immo
538 4181 619 4244 effici
637 4185 756 4247 debere
776 4204 793 4245 a
810 4182 943 4266 singulis
959 4181 1037 4246 viris
1054 4183 1158 4247 doctis
1172 4182 1307 4268 singulis
1322 4183 1355 4246 iu

101 4292 298 4374 provinciis,
333 4293 567 4369 vicinitatibus,
606 4295 737 4358 urbibus
760 4305 855 4379 atque
877 4295 1023 4379 oppidis;
1054 4300 1111 4360 sed
1131 4298 1195 4361 hoc
1218 4296 1300 4360 idem
1321 4308 1357 4360 ut

100 4416 240 4482 tentetur
256 4404 290 4469 iu
312 4406 465 4471 universo
484 4406 654 4492 aliquando
674 4398 916 4490 inscriptionum
940 4407 1126 4487 Latinarum
1141 4429 1281 4491 corpore
1293 4410 1354 4489 ¹ad·

101 4521 268 4596 ornando,
293 4517 408 4587 nemini
430 4518 574 4603 equidem
602 4532 714 4584 auctor
733 4541 801 4584 sum
826 4520 967 4584 iuturus.
1011 4521 1089 4585 Vidi
1111 4522 1194 4586 enim
1215 4519 1269 4585 hic
1288 4521 1357 4587 illic
