2926 5040
414 131 440 197 d·
464 137 509 227 ¹.⁰⁸
548 126 735 187 FRATRES
755 127 955 187 ARVALES.
1251 136 1306 196 sm

53 264 134 323 Item
158 277 228 341 post
254 266 408 325 meridiem
429 287 446 325 a
453 260 576 326 ''balneo
598 267 748 326 cathedris
771 271 988 338 consederunt,
1017 271 1123 330 deinde
1145 270 1158 327 t
1180 274 1306 325 manibus

51 360 147 413 lautis
158 399 289 418 ......
303 364 451 419 cenatoria
477 360 543 420 alba
566 374 773 439 sumpserunt,
802 367 885 422 etin
908 363 1124 422 tricliniaribus'
1147 363 1306 423 discubue-

53 464 147 522 runt,
175 465 205 511 et
222 454 333 530 epulati
352 467 438 512 sunt:
467 458 537 514 item
555 459 641 532 pueri
666 457 680 515 t
710 464 825 528 ingenua·
844 460 967 530 patrimi
985 469 1013 515 et
1033 461 1180 527 matrimi,
1209 458 1306 530 Senia-

53 557 158 605 tnrnm
181 548 265 614 Filii,
295 567 419 609 numero
437 549 507 607 IlIl.
536 553 567 606 in
585 551 743 608 cathedris
767 551 967 609 consederunt
997 548 1027 609 c't
1047 553 1158 628 epulati
1181 565 1262 611 sunt.
1291 554 1304 610 I

54 642 176 695 fratres
199 641 325 698 Arvales
348 653 417 717 post
442 644 544 718 epulas
567 662 659 719 super
683 642 828 702 toralibus
856 649 1048 722 segmentatis
1078 643 1304 714 discubuerunt,

54 745 89 793 et
108 746 202 803 ture,
238 737 308 792 vino
338 736 493 805 lecerunt,
535 748 565 795 et
596 757 652 814 per
683 757 793 815 pueros
811 728 1046 821 ‘praetextatum
1085 739 1098 798 ll
1128 740 1307 817 'Senatorum

52 826 167 897 Filios,
201 840 231 886 et
259 826 400 886 Publicos
429 829 466 887 ad
493 829 588 887 Aram
615 832 820 906 pertulerunt,
854 844 884 890 et
915 844 1083 910 ιιιιςιιειιιι,
1118 844 1149 890 et
1165 822 1306 891 'coronas

54 934 240 999 aeceperunt
261 934 291 979 et
313 925 344 979 in
365 923 502 980 mantelia
524 923 537 982 ll
554 922 711 995 frumenta
732 943 840 981 rursus
864 929 1065 1002 contigerunt.
1105 925 1180 982 Item
1201 944 1306 985 mensa

55 1015 188 1074 secunda
211 1013 403 1072 bellariornm
430 1016 525 1073 divisa
553 1028 614 1084 est,
649 1028 679 1074 et
704 1018 854 1093 sportulas
881 1030 1062 1093 acceperunt
1085 1017 1264 1077 Sacerdotes
1290 1018 1304 1079 I

53 1098 252 1186 Imperatoris
283 1111 384 1188 Ang.,
420 1121 449 1167 et
480 1113 572 1167 ceteri
604 1109 803 1179 Sacerdotes,
840 1115 890 1190 qni
921 1114 1121 1188 suprascripti
1153 1124 1242 1179 sunt,
1277 1121 1308 1171 et

53 1223 161 1263 rosam
179 1204 306 1261 solutam
325 1204 502 1271 diviserunt,
524 1203 623 1281 ibique
643 1205 857 1263 FELICITER
874 1205 1023 1263 dixerunt.
1064 1206 1138 1264 Item
1155 1205 1223 1265 1111.
1238 1205 1304 1266 Kal.

54 1298 160 1357 Iunias
184 1298 197 1357 ll
221 1300 252 1355 in
272 1296 356 1356 Luco
382 1299 463 1356 Deae
486 1298 560 1355 Diae
580 1299 716 1355 Alienins
735 1299 895 1356 Avitianus
921 1298 1125 1376 Promagister
1147 1299 1185 1358 ad
1210 1301 1306 1360 Aram

55 1392 221 1451 immolarit
237 1392 381 1469 porcilias
406 1393 572 1469 piaculares
591 1393 630 1449 11.
649 1393 724 1450 Luci
743 1394 938 1471 coinquendi,
968 1406 997 1452 et
1016 1395 1117 1471 operis
1134 1394 1145 1452 l
1161 1394 1303 1463 faciundi,

54 1485 99 1545 ibt
118 1504 240 1544 vaccam
261 1488 454 1545 honorariam
479 1487 657 1555 immolavit,
687 1499 716 1543 et
739 1487 807 1544 inde
834 1490 865 1544 in
890 1487 1048 1561 tetrastylo
1073 1492 1213 1545 reversus
1233 1485 1305 1546 suh·

54 1581 150 1640 celliis
172 1580 325 1649 consedit,
354 1581 460 1638 deinde
484 1600 624 1637 reversus
650 1581 688 1638 ml
710 1582 804 1637 Aram
823 1581 835 1639 ll
857 1593 940 1640 extas
963 1581 1093 1639 reddidit
1115 1581 1303 1657 porciliares.

53 1674 133 1733 Item
154 1677 186 1732 ln
204 1674 310 1744 Circo,
338 1677 370 1731 in
392 1675 491 1732 loculo
509 1687 652 1752 argenteo
675 1677 780 1751 cespiti
806 1687 913 1732 ornato
936 1687 1035 1733 eatam
1058 1678 1212 1733 vaccinam
1225 1675 1305 1751 ‚red-

55 1769 150 1838 didit,
183 1780 213 1827 et
240 1771 272 1827 in
300 1769 459 1842 tetrastylo
492 1772 504 1825 ΙΙ
537 1788 677 1825 reversus
701 1780 763 1837 est,
798 1771 879 1826 etin
903 1769 1005 1827 codice
1031 1771 1128 1837 eavit,
1163 1780 1194 1826 et
1214 1788 1305 1846 prae·

52 1875 169 1922 textam
187 1864 334 1941 deposuit,
357 1874 386 1919 et
408 1865 439 1919 in
452 1863 603 1939 papilione
626 1882 680 1920 sno
700 1880 840 1920 reversus
864 1862 942 1940 (est.)
976 1863 1161 1921 Promeridie
1178 1863 1304 1923 autemll

52 1958 180 2016 Fratres
205 1957 332 2015 Arvales
361 1969 532 2033 praetextas
560 1968 757 2032 acceperunt,
786 1968 815 2014 et
839 1960 870 2013 in
897 1957 1055 2030 tetrastylo
1083 1968 1300 2025 convenerunt,

53 2063 88 2111 et
105 2049 253 2109 subselliis
274 2052 490 2120 consederunt,
519 2063 547 2109 et
567 2063 711 2109 caverunt
735 2051 747 2109 ΙΙ
773 2070 805 2109 se
828 2051 974 2120 adfuisse,
997 2063 1026 2107 et
1047 2070 1166 2109 sacrum
1185 2052 1303 2121 lecissc,

53 2158 87 2203 et
114 2145 256 2223 porcilias
281 2146 449 2221 piaculares
479 2146 588 2222 epulati
615 2156 701 2213 sunt,
730 2157 760 2202 et
787 2164 940 2222 sanguem.
987 2146 1096 2207 Postea
1120 2142 1192 2203 inde'
1215 2164 1305 2223 prae·

51 2242 162 2299 textati
186 2244 199 2302 ll
223 2242 320 2316 eapite
339 2240 452 2309 velato,
481 2241 563 2296 vittis
586 2242 695 2316 spieeis
718 2242 854 2297 coronati
873 2239 989 2295 Lucum
1008 2238 1245 2307 adscenderunt,
1274 2249 1305 2297 et

53 2354 114 2412 per
130 2335 270 2392 Alfenum
289 2330 463 2391 Avitianum
483 2335 723 2410 Prosnagistpum
737 2353 851 2410 ¹agnam
871 2332 883 2391 ll
909 2335 1038 2409 opimam
1062 2333 1302 2399 immolaverunt,

53 2440 87 2487 ct
111 2430 226 2486 hostiae
250 2429 413 2485 litationem
439 2431 644 2504 inspexerunt.
686 2428 822 2485 Perfecto
853 2425 1005 2484 sacrificio
1038 2445 1140 2484 omnes
1174 2440 1241 2484 ture
1274 2438 1305 2484 et

19 2560 23 2566 -
53 2525 128 2582 vino
154 2524 306 2589 lecerunt,
335 2521 441 2578 deinde
469 2523 482 2581 ΙΙ
510 2524 625 2578 ce'versi
648 2524 679 2578 in
706 2522 818 2578 Aedem
841 2525 872 2578 in
897 2541 999 2579 naensa
1026 2541 1145 2578 sacrum
1168 2522 1304 2579 iecerunt
1386 2510 1391 2527 '

52 2617 140 2685 ollis,
175 2628 204 2673 et
231 2627 300 2673 ante
323 2616 436 2672 Aedem
464 2618 496 2673 in
520 2619 631 2692 cespite
654 2589 858 2692 Pioinagister
884 2628 913 2673 et
932 2617 1052 2674 Flamen
1081 2635 1202 2673 sacrum
1223 2617 1304 2682 lece,-

52 2721 137 2769 runt.
168 2709 182 2768 ll
210 2710 285 2767 Item
306 2710 388 2767 foras
413 2710 449 2767 ad
469 2711 563 2767 Aram
585 2714 700 2768 reversi
723 2712 879 2767 thesauros
903 2711 1058 2780 dederunt,
1099 2709 1174 2767 Item
1193 2700 1303 2767 llamen

52 2818 84 2863 et
95 2805 300 2882 Promagister
313 2805 443 2879 scyphos
458 2817 615 2881 argenteos
632 2824 700 2862 eum
716 2807 868 2880 sinnpnvis
889 2803 953 2880 (sir)
971 2802 1069 2863 livino
1090 2804 1213 2879 repletis
1233 2814 1302 2861 ante

50 2902 180 2969 onium,
208 2899 274 2975 (et)
303 2917 423 2955 acerras
452 2897 616 2975 (serentes)
646 2911 710 2955 ture
737 2910 766 2955 et
785 2901 855 2955 vino
874 2899 1026 2964 fecerunt,
1055 2910 1083 2955 et
1103 2908 1172 2955 ante
1191 2899 1300 2955 ostium

51 2994 240 3059 restiterunt,
262 3003 292 3050 et
314 2993 372 3049 dno
392 2992 429 3049 ad
449 2993 550 3069 fruges
564 2994 706 3069 petendas
723 2993 734 3050 ll
751 3012 817 3049 cum
838 2992 968 3049 Publicis
989 2993 1180 3050 descideruut
1193 2990 1259 3069 (stc)
1274 3002 1303 3048 et

15 3132 19 3137 -
50 3090 172 3147 reversi
195 3088 299 3144 dextra
326 3087 487 3154 dederunt,
515 3087 598 3143 laeva
626 3098 819 3163 receperunt,
849 3087 955 3144 deinde
982 3074 1221 3144 adtalterutrnm
1243 3084 1302 3144 sibi

50 3181 258 3247 reddiderant,
284 3183 350 3239 llet
372 3179 504 3238 Publicis
526 3182 627 3256 fruges
652 3181 858 3238 tradiderunt:
888 3181 1023 3237 deinde
1016 3200 1047 3237 ιιι
1070 3181 1184 3238 ledem
1206 3183 1303 3238 intra-

51 3287 179 3346 verunt,
215 3286 246 3332 et
273 3275 346 3333 ollas
374 3278 487 3351 precati
520 3287 605 3341 sunt,
644 3287 673 3332 et
701 3278 786 3331 ostiis
818 3278 930 3350 apertis
958 3294 1014 3350 per
1043 3275 1154 3331 clivum
1182 3277 1302 3335 incluc-

50 3382 141 3439 runt;
170 3369 276 3427 deinde
299 3368 447 3426 subselliis
470 3372 646 3427 marmoreis
671 3369 887 3438 consederunt;
916 3381 945 3426 et
964 3389 1057 3444 pianes
1076 3371 1226 3427 laureatos
1246 3387 1301 3445 per

51 3464 194 3524 Publicos
215 3466 319 3541 partiti
341 3475 426 3533 sunt,
456 3464 496 3521 ibi
520 3482 622 3521 omnes
644 3465 812 3521 lumemnlia
838 3465 849 3522 ΙΙ
875 3483 943 3520 euin
965 3465 1079 3538 rapinis
1106 3474 1298 3539 acceperunt,

52 3572 83 3618 et
101 3560 180 3618 Deas
198 3569 474 3637 unguentavcrunt,
499 3570 529 3615 et
547 3559 644 3634 Aedes
665 3560 746 3615 clusa
766 3571 827 3623 est,
856 3577 959 3645 omnes
979 3560 1053 3615 soris
1074 3559 1228 3614 exierunt.
1258 3555 1299 3617 ibi

52 3652 232 3713 Sacerdotes
257 3653 270 3711 11
295 3653 370 3709 clusi
393 3654 554 3720 succincti,
574 3652 680 3709 libellis
704 3655 850 3741 acceptis,
872 3672 994 3710 carmen
1017 3652 1223 3709 descindentes
1243 3653 1300 3708 tri-

49 3748 275 3827 podaverunt'
266 3767 298 3803 ιιι
327 3744 418 3803 verba
446 3748 535 3804 haec:
570 3747 651 3805 Enos
676 3747 769 3804 lases
795 3750 892 3804 iuvate
922 3749 934 3808 ll
962 3748 986 3803 F
990 3766 1045 3803 iios
1068 3747 1161 3804 Lases
1188 3748 1297 3813 iuvate,

49 3842 135 3901 Enos
153 3840 249 3901 Lases
269 3842 377 3898 iuvate.
418 3842 500 3898 Neve
522 3842 657 3898 Luaerve
679 3842 834 3917 mai-mm)
852 3845 914 3898 sins
942 3844 1098 3898 incurrere
1121 3844 1152 3898 in
1168 3840 1297 3917 pleorcs,

50 3956 128 3995 neve
152 3934 272 3994 Luerve
297 3936 431 3993 Marmar
458 3936 469 3993 ΙΙ
499 3943 559 3992 sins
583 3938 737 3993 incurrere
760 3939 791 3992 in
814 3937 941 4011 pleoris,
979 3954 1053 3992 neve
1076 3936 1193 3993 Luerve
1217 3934 1300 3993 Illir-

51 4050 120 4089 mar
148 4050 213 4088 sers
240 4032 396 4089 incurrere
427 4033 458 4086 in
483 4030 605 4105 pleoris.
647 4030 739 4088 Satur
764 4031 863 4087 farere
887 4030 970 4087 hlars
999 4031 1088 4087 limen
1120 4030 1132 4087 ΙΙ
1164 4024 1224 4086 s'iele
1254 4043 1300 4088 ata

49 4122 178 4194 herber,
212 4132 297 4181 satur
321 4125 416 4181 lusere
438 4124 521 4181 ll'lars
545 4125 635 4181 limen
661 4125 714 4180 sali
744 4136 788 4181 sta
811 4122 936 4191 bcrher,
972 4123 1065 4181 Satur
1091 4125 1186 4181 tulere
1215 4122 1299 4181 Mars

48 4221 144 4279 lisnen
165 4219 220 4277 sali
246 4231 292 4278 sta
318 4217 438 4277 herber.
468 4220 481 4285 ll
510 4221 641 4274 Semunis
664 4218 789 4274 alternei
809 4218 966 4293 advocapit
989 4230 1130 4285 conetos,
1161 4217 1299 4297 Semnnis

49 4315 177 4373 alternei
188 4313 345 4390 advocapit
358 4323 492 4383 conctos,
504 4312 635 4370 Simunis
647 4313 773 4387 alternip
783 4312 848 4387 (stc)
863 4312 1020 4387 advocapit
1033 4315 1046 4372 ll
1059 4322 1183 4368 corneos.
1215 4312 1299 4369 Enos

49 4410 187 4468 Illarmor
207 4397 324 4476 iurato,
352 4409 435 4466 Enes
454 4407 588 4465 Marmor
609 4411 726 4474 iuvate,
754 4408 836 4463 Elios
857 4406 973 4463 blamor
994 4410 1103 4464 invato.
1145 4406 1298 4480 'I'rinmpe,

38 4488 212 4581 'Triumpn
244 4501 407 4579 Triumpe,
436 4502 609 4576 Triumllpe,
643 4509 780 4578 triumpe.
821 4502 895 4560 Post
925 4501 1158 4577 tripodationem
1192 4499 1306 4557 deinde·
