2926 5040
483 189 879 258 PRAEFATIO.
1262 196 1301 258 tr

62 360 330 444 supplementum,
358 358 482 444 ‚partim
514 379 556 422 ex
588 357 727 423 eiusdem
753 340 884 422 'schedis
918 362 1162 444 depromptum,
1201 365 1258 425 sed
1285 384 1302 425 a

61 473 155 538 nobis
176 472 330 557 singulari
350 472 457 537 studio
479 482 616 537 arictum.
629 493 648 511 ‘
660 473 694 536 A
713 469 971 537 Christianorum
990 493 1071 548 vero
1095 473 1304 537 monumentis
1383 496 1386 501 ·

20 582 24 589 ’
62 588 115 665 (de
144 607 279 671 qnorum
307 585 341 649 in
363 584 547 670 antiquitate
569 582 779 648 ecclesiastica
801 605 862 647 usu
882 593 958 667 post
979 584 1185 648 Muenterum
1207 607 1302 669 prae-

62 699 147 761 clare
169 718 271 780 nuper
293 696 466 779 disputarit
488 695 672 774 (desertius)
693 697 827 779 paucula
850 697 1003 778 quaedam
1025 694 1053 759 si
1074 696 1213 780 excipias
1231 699 1305 761 hine
1413 708 1419 729 “·

61 810 134 873 iude
162 831 293 892 sparsa,
322 792 383 872 suit
411 808 646 889 abstinendum,
682 830 730 872 ne
752 807 885 871 licenter
906 806 1042 871 instituti
1063 794 1125 870 mei
1146 810 1225 873 lines
1247 795 1304 874 nii·

64 942 207 1008 grarem.
230 953 272 966 -
313 923 352 986 In
373 933 553 1005 temporum
583 919 708 984 ratione
737 921 902 996 notanda,
930 917 1050 1004 ubique
1078 930 1302 1017 secutuslsum

64 1035 181 1100 Festos
205 1033 519 1098 Almeloveenianos.

149 1146 318 1228 Superest,
348 1157 383 1208 ut
405 1146 609 1231 delegibns,
643 1144 773 1230 quasin
796 1146 922 1212 edendis
951 1145 1214 1229 inscriptionibus
1235 1145 1304 1229 ipse

64 1258 141 1322 mihi
169 1257 302 1340 scripsi,
333 1257 442 1340 paucis
472 1278 642 1339 exponam.
699 1258 738 1321 ln
765 1256 804 1322 iis
826 1280 865 1323 ne
887 1280 949 1321 una
970 1258 1096 1343 quidem
1117 1258 1243 1322 literula
1264 1261 1303 1322 de

65 1371 267 1445 coniectura,
303 1369 363 1433 etsi
385 1391 479 1452 saepe
502 1368 697 1445 certissima,
728 1379 778 1432 est
806 1370 981 1434 immutata.
1026 1371 1065 1433 Id
1086 1380 1206 1433 tantum
1229 1370 1304 1434 mihi

66 1482 188 1547 arbitrii
217 1483 354 1564 sumpsi,
384 1492 420 1544 ut
448 1502 528 1564 quae
551 1480 583 1565 in
606 1481 861 1545 adnotationibus
882 1483 1068 1564 praesertim
1091 1483 1243 1546 Gudianis
1265 1486 1306 1546 ad

66 1596 242 1658 Gruterum
264 1606 424 1677 tamquam
446 1593 582 1674 lapidum
604 1591 750 1674 ipsorum
772 1593 949 1656 afferuntur
970 1593 1136 1670 lectiones,
1161 1616 1218 1657 sua
1234 1595 1304 1677 ple·

65 1728 199 1792 rumque
222 1705 379 1770 evidentia
401 1726 471 1768 sese
492 1706 759 1780 commendantes,
781 1704 977 1787 postliminio
998 1704 1189 1788 reciperem,
1212 1706 1303 1769 item-

65 1841 128 1903 que
156 1839 199 1882 ex
227 1818 297 1882 aliis
327 1816 461 1881 aliorum
491 1816 577 1898 typis
606 1816 857 1881 accuratioribus
886 1829 1059 1902 corruptos
1088 1823 1302 1884 emendarem.

64 1933 157 1995 Haec
186 1951 266 1994 vero
295 1931 398 2008 ratio,
429 1928 608 1992 necessario
636 1927 706 1992 fere
734 1931 887 2004 tenenda,
916 1929 972 1993 ubi
999 1925 1168 2021 ἀρχετύπῳ
1198 1953 1304 1995 sumus

67 2043 218 2119 destituti,
243 2063 301 2105 cur
322 2052 376 2105 aut
398 2041 527 2106 omnino
549 2041 811 2122 reprehendenda
833 2039 885 2134 ·¹it,
914 2052 968 2103 aut
989 2044 1029 2104 ab
1051 2042 1159 2127 aliquo
1180 2042 1304 2125 impru·
1351 2036 1353 2041 ¹
1421 2048 1426 2065 '

66 2154 137 2217 bari
152 2189 153 2193 =
166 2153 324 2237 potuerit,
360 2152 503 2237 equidem
533 2172 668 2234 prorsus
696 2172 761 2216 non
789 2150 954 2238 intelligor
987 2153 1069 2218 idem
1098 2155 1181 2218 enim
1202 2155 1305 2219 critici
1367 2238 1368 2242 Ἰ

67 2287 176 2332 omnes
200 2265 295 2328 licere
325 2264 404 2339 sibi,
434 2263 536 2343 ¹immo
559 2263 609 2328 sui
631 2262 727 2327 officii
749 2264 779 2326 in
799 2264 910 2346 primis
933 2286 1002 2330 esse
1023 2287 1148 2349 semper
1170 2288 1302 2330 censue-

67 2389 158 2453 runt,
194 2388 227 2440 ut
257 2374 393 2439 diversis
422 2396 440 2438 e
469 2374 633 2439 codicibus
660 2375 760 2458 ipsius
790 2374 957 2458 scriptoris
985 2400 1110 2442 manum
1135 2378 1304 2443 restituere
1384 2442 1390 2457 ,

67 2500 278 2561 conarentur;
300 2487 378 2550 illud
392 2490 612 2551 tantummodo
626 2486 869 2568 inscriptionum
885 2510 1013 2572 quoque
1029 2490 1165 2553 editores
1177 2501 1305 2554 servent
1396 2517 1398 2521 ·
1430 2501 1435 2508 ’

10 2582 26 2649 i*
67 2622 197 2664 necesse
220 2611 285 2677 est,
319 2610 355 2660 ut
376 2596 560 2680 scriptionis
583 2596 768 2662 varietatem
789 2598 940 2683 religiose
962 2600 1066 2663 ubivis
1088 2611 1238 2677 enotent,
1268 2623 1306 2665 ae

10 2710 250 2803 &posteritati
269 2709 377 2774 iudicii
398 2709 522 2773 serendi
537 2720 729 2793 potestatem
743 2710 941 2793 permittant.
985 2713 1209 2794 supplementa
1224 2734 1305 2777 vero

66 2825 227 2907 rarissime
247 2821 435 2907 fragmentis
457 2811 530 2884 'sunt
558 2821 694 2898 inserta,
725 2844 825 2908 eaque
854 2822 955 2893 literis
984 2822 1161 2888 minoribus
1188 2845 1305 2887 excusa

68 2949 99 3001 ct
113 2936 202 3001 uncis
215 2936 347 3016 insuper
362 2956 379 2996 a
394 2933 530 3015 lapidum
544 2931 622 3015 ipsis
633 2933 774 3018 reliquiis
786 2935 973 3017 plerumque
988 2936 1123 2999 seclusa.
1145 2936 1307 3001 Paucissi·
1394 2944 1398 2951 '

67 3049 126 3112 mis
148 3042 309 3129 exeeptis,
332 3044 463 3130 (quibus
484 3066 609 3128 semper
629 3058 693 3108 eet.
716 3045 930 3128 subscriptum
958 3051 1025 3126 est)
1056 3069 1174 3113 omnes.
1193 3049 1306 3113 inscri-

66 3159 193 3243 ptiones
215 3159 357 3240 integras
379 3158 467 3233 dedi,
498 3156 558 3232 etsi
579 3156 609 3219 in
631 3158 695 3221 fine
716 3156 761 3220 nil
782 3158 839 3221 nisi
870 3158 1017 3235 uomina,
1049 3162 1097 3224 vel
1128 3160 1305 3225 notissimas

67 3272 222 3335 formidas
244 3270 440 3351 sepulcrales
462 3269 682 3335 continerent:
706 3268 775 3350 ipse
797 3269 878 3333 cuim
902 3269 993 3333 nimis
1016 3268 1110 3354 saepe
1130 3272 1330 3338 molestiam.

67 3383 152 3446 illam
171 3394 322 3464 expertus
342 3403 445 3459 eram,
470 3402 532 3467 qua
552 3380 721 3457 afficimur,
745 3381 799 3444 ubi
814 3383 975 3446 decurtata
988 3383 1154 3466 inscriptio
1170 3387 1307 3448 offertur
1398 3386 1401 3394 '

66 3494 267 3571 timentibus,
294 3516 334 3558 ne
364 3492 524 3579 gravioris
547 3491 665 3576 aliquid
685 3492 837 3556 momenti
859 3493 951 3597 upbis
973 3497 1165 3573 subtraxerit
1188 3498 1306 3561 editor.

67 3608 194 3670 Versus
216 3603 457 3687 inscriptionum
480 3604 563 3667 linea
584 3615 767 3667 transversa
785 3626 898 3683 omnes
919 3605 1002 3669 iuter
1020 3628 1055 3671 se
1073 3607 1306 3682 discriminavi;
1398 3668 1402 3676 .

67 3717 111 3781 ita
133 3729 168 3781 ut
189 3738 345 3803 quemque
366 3715 489 3779 titulum
511 3715 661 3779 facillima
683 3737 783 3798 opera
810 3715 975 3797 pristinam
994 3716 1027 3780 in
1049 3717 1185 3783 formam
1202 3723 1307 3784 denuo

42 3835 49 3846 '
67 3829 217 3912 redigere
239 3849 350 3913 queas.
394 3830 507 3892 Locos
529 3812 698 3902 saxorum,
723 3826 902 3911 ubicunque
924 3840 1060 3912 propter
1079 3831 1222 3913 priorum
1242 3831 1308 3896 edi·

67 3953 174 4007 torum
196 3940 379 4005 socordiam
402 3960 465 4025 ego
483 3941 573 4032 ¹haud
598 3939 799 4022 ignorarem,
833 3952 981 4004 accurate
1011 3942 1180 4019 adnotavi,
1216 3943 1311 4009 sicuti

67 4066 100 4116 et
128 4054 247 4130 libros,
277 4054 359 4115 unde
387 4055 634 4136 unrrmquodque
664 4053 860 4133 desumptum
898 4063 958 4116 est.
1016 4055 1195 4136 Notarum,
1230 4058 1309 4142 quas

67 4168 227 4241 barbaro,
262 4167 318 4230 sed
344 4163 463 4228 usitato
494 4162 672 4226 iamdudum
695 4162 726 4226 id
748 4185 785 4226 re
807 4162 1015 4249 epigraphica
1037 4168 1198 4231 vocabulo
1219 4169 1311 4252 sigla

69 4279 121 4341 vel
141 4278 250 4362 siglas
274 4277 452 4360 appellant,
477 4274 773 4357 interpretationem
790 4274 908 4361 ubique
923 4277 991 4340 sere
1008 4278 1125 4354 adieci,
1149 4301 1188 4343 ne
1207 4281 1310 4343 lector
1383 4325 1385 4328 ψ

67 4389 169 4490 mique
190 4391 254 4455 hoe
275 4390 307 4452 in
330 4409 448 4473 genere
471 4398 628 4462 versatus,
650 4389 706 4451 sel
726 4389 866 4452 incertus
887 4390 1046 4467 haereret,
1071 4390 1122 4452 vel
1143 4393 1181 4452 ad
1202 4413 1310 4454 earuni

68 4498 452 4578 coniectores,Coletium
467 4512 499 4565 et
509 4500 718 4574 Gerrardum,
735 4492 981 4584 omnisgeueris
998 4501 1163 4566 erroribus
1171 4503 1312 4568 reiectos
1391 4536 1397 4545 ·

110 4613 195 4654 Coileet.
210 4613 313 4667 Inscripta
322 4612 389 4653 htin.
1040 4614 1059 4674 9
