2926 5040
150 169 192 231 lo
573 162 970 232 PRAEFATIO.

231 336 265 399 A
292 336 405 419 populi
432 333 571 400 Romani
605 356 643 398 re
670 334 798 419 publica
825 337 1048 399 transeundum
1077 334 1226 418 deinceps
1254 347 1323 399 erat
1350 338 1392 399 ad

147 472 213 515 rem
228 448 458 533 municipalem,
474 469 567 532 quae,
583 470 681 534 qum
696 446 896 532 potissimum
909 468 952 511 cx
963 447 1240 532 inscriptionibus,
1265 448 1391 514 Rotbio

147 585 189 628 cx
208 572 281 628 toto
303 561 457 647 neglectis
466 606 482 638 ,-
498 560 650 626 illustrari
672 564 804 639 debeat,
827 580 892 624 non
914 558 981 625 sinc
1003 582 1097 625 causa
1117 561 1149 625 id
1171 562 1246 625 mihi
1266 582 1392 646 propo·

148 675 241 740 situm
260 675 340 751 fuit,
363 687 399 738 ut
418 679 457 739 ad
472 695 548 739 saxa
563 696 605 739 eo
618 673 808 757 pertinentia
821 672 960 759 undique
978 676 1224 756 comportanda,
1253 688 1391 760 apteque

147 788 344 871 disponenda
364 787 519 852 assiduam
539 808 690 850 uavarem
712 798 857 869 operam.
915 787 989 867 Quo
1019 784 1145 873 quidem
1173 788 1207 852 id
1227 799 1391 852 assecutus

39 964 44 975 ,
148 923 217 965 esse
246 900 321 964 mibi
349 900 481 977 videor,
515 910 570 976 ut,
606 900 787 983 quicunqne
815 901 895 962 hanc
917 896 1142 985 'antiquitatum
1171 901 1390 965 Romanarum

147 1012 401 1080 obscurissimam
419 1016 527 1076 adhuc
548 1023 671 1094 partem
701 1014 806 1077 denseo
828 1010 1040 1089 scrutabitur,
1074 1010 1200 1077 lucilius
1230 1025 1318 1078 certe
1347 1015 1389 1078 sit

145 1130 384 1210 perspecturus,
410 1146 548 1211 quonam
569 1125 706 1209 singula,
730 1124 765 1187 in
784 1145 866 1209 quae
886 1125 957 1206 ipse
975 1125 1102 1199 incidet,
1125 1126 1187 1189 sint
1205 1126 1387 1203 referenda,

118 1244 273 1325 ‘quoque
309 1241 407 1303 modo
444 1236 665 1322 coniungenda
702 1258 774 1299 cum
802 1236 859 1312 iis,
897 1257 978 1322 quae
1006 1256 1025 1300 a
1052 1258 1103 1301 me
1135 1248 1208 1315 sunt
1239 1240 1389 1303 collecta.

144 1351 353 1416 Perreximus
374 1350 448 1413 inde
469 1353 508 1414 ad
533 1371 601 1413 eam
622 1350 784 1415 hominunm
814 1348 1048 1427 conditionem,
1086 1371 1167 1435 quae
1194 1351 1225 1414 in
1255 1362 1391 1435 qtnaestu

143 1465 290 1528 faciendo
312 1463 463 1548 victuque
485 1463 670 1548 quotidiano
691 1464 834 1546 parando
864 1474 1035 1545 occupata,
1073 1463 1145 1546 ipsa
1172 1474 1276 1527 tamen
1306 1466 1392 1544 apud

144 1578 313 1641 Romanos
335 1576 496 1639 societatis
518 1586 689 1658 appetens,
723 1585 938 1658 quantumque
959 1587 1103 1657 poterat,
1134 1597 1201 1639 rem
1229 1576 1389 1658 publicam

143 1688 281 1765 imitata,
318 1688 478 1773 collegia,
511 1708 670 1771 corpora,
706 1687 856 1751 sodalicia
883 1686 1045 1751 instituere
1073 1689 1197 1752 solebat
1225 1688 1288 1752 suis
1317 1710 1389 1752 cum

142 1801 348 1884 praepositis,
364 1800 535 1885 magistris,
553 1800 710 1883 patronis,
736 1799 985 1881 apparitoribus,
1010 1800 1124 1876 servis,
1147 1800 1273 1886 legibus
1294 1801 1388 1865 etiam

144 1928 175 1978 et
190 1914 344 1988 decretis3
367 1934 432 1997 quo
454 1914 563 1996 utique
584 1912 616 1975 in
640 1932 757 1996 genere
778 1911 914 1974 maxima
934 1933 1045 1975 marsus
1062 1912 1304 1994 inscriptionum
1325 1914 1389 1976 uti-

144 2028 217 2090 litas
246 2027 400 2089 cernitur.
459 2025 682 2109 Collegiorum
706 2034 809 2085 autem
831 2023 937 2087 forma
957 2036 1145 2107 perspecta,
1179 2026 1320 2110 singulas
1349 2030 1390 2089 ad

145 2142 247 2214 artes,
272 2159 352 2224 quae
374 2146 468 2201 ma'nu
489 2146 646 2213 constant,
671 2158 767 2219 quum
789 2136 1068 2215 descendissemus‚
1094 2150 1282 2221 supererant
1300 2140 1388 2204 varia

143 2250 307 2315 hominum
335 2250 419 2313 inter
448 2270 483 2313 se
511 2248 718 2325 commercia,
758 2243 815 2328 (τὰ
844 2244 1034 2335 συμβόλαια
1056 2251 1174 2314 Graeci
1194 2255 1390 2335 nrsncupant)

144 2385 225 2448 quae
247 2374 360 2426 canneta
382 2360 466 2425 vitae
487 2361 661 2427 communis
684 2360 811 2426 nomine
832 2363 994 2446 complexi
1023 2385 1142 2427 siamus.
1193 2367 1286 2427 Hanc
1308 2386 1388 2428 vero

145 2486 304 2561 tamquam
327 2474 480 2539 curriculi
501 2485 616 2537 metam
638 2475 773 2538 emensis
788 2496 848 2538 una
863 2479 1002 2539 restabat
1019 2497 1125 2539 rernm
1140 2475 1261 2548 ultima,
1285 2495 1385 2549 mors,

144 2589 267 2654 inlinito
290 2589 455 2652 titulorum
478 2609 610 2652 numero
633 2587 810 2663 celebrata,
834 2587 1035 2671 quiquidem
1057 2606 1187 2657 omnes,
1211 2606 1389 2669 quamcun-

127 2686 208 2785 ¹qam
231 2704 354 2765 demum
378 2722 489 2764 vocem
512 2700 637 2762 mittant
659 2699 711 2762 vel
734 2699 804 2762 veri
826 2698 997 2773 maeroris,
1022 2696 1075 2759 vel
1097 2697 1335 2761 benevolentiae
1357 2708 1389 2761 et

145 2813 303 2888 caritatis,
330 2814 381 2876 vel
404 2811 540 2876 levitatis
563 2832 601 2874 ac
621 2811 791 2892 superbiae
813 2810 896 2873 inter
917 2810 1039 2871 cineres
1062 2820 1093 2871 ct
1115 2830 1204 2886 ossa,
1229 2809 1298 2873 iura
1319 2810 1387 2874 cul·

144 2938 275 3010 tumque
297 2926 400 2989 Dellm
424 2922 569 2987 Manium
591 2944 687 3008 quum
711 2922 878 2986 identidem
900 2924 1123 2998 recordentur,
1147 2924 1186 2984 ad
1202 2922 1386 3008 religiones,

146 3040 228 3101 undo
249 3038 419 3123 progressi
441 3057 585 3113 eramus,
607 3033 699 3099 fatali
712 3035 851 3119 quodam
866 3046 1088 3120 perpetuoque
1103 3034 1237 3099 circuitu
1252 3047 1284 3099 ct
1299 3035 1387 3120 quasi

145 3152 226 3214 orbe
248 3172 307 3213 nos
328 3154 539 3214 reduxerunt.

231 3264 279 3327 lta
302 3262 448 3345 exposita
469 3263 530 3325 mci
552 3261 675 3327 consilii
698 3260 927 3344 simplicissima
946 3260 1069 3324 ratione
1084 3282 1121 3323 ac
1135 3260 1197 3335 via,
1222 3262 1262 3323 ab
1277 3263 1388 3323 hartnn

146 3396 257 3439 rerum
278 3374 483 3458 peritioribus
504 3374 639 3438 libenter
660 3374 787 3453 discam,
811 3384 916 3438 utrum
933 3372 993 3436 ista
1007 3372 1192 3436 Latinarum
1207 3370 1390 3455 inscriptio·

145 3510 219 3552 num
243 3486 416 3569 descriptio
440 3486 545 3551 varias
568 3486 599 3549 in
622 3487 759 3563 classes,
790 3506 961 3571 earumque
983 3484 1107 3570 singula
1129 3483 1248 3567 capita,
1280 3506 1390 3569 quem·

44 3604 54 3619 ⁸
146 3602 313 3663 admodum
337 3621 354 3663 a
376 3622 426 3663 mc
449 3612 497 3663 est
518 3598 677 3675 instituta,
702 3599 786 3662 utilis
807 3598 916 3661 futura
939 3598 979 3661 sit
994 3597 1055 3680 ipsi
1070 3597 1250 3679 disciplinae
1264 3598 1391 3681 epigra-

124 3712 274 3795 ¹phicac‚
310 3711 431 3776 necne?
488 3712 547 3775 Me
576 3712 701 3796 quidem
729 3710 908 3773 iamdudum
939 3711 1002 3775 boc
1030 3711 1060 3773 in
1088 3711 1200 3773 labore
1230 3720 1390 3772 versatum

144 3847 220 3889 nasus
241 3825 311 3909 ipse
332 3826 479 3902 edocuit,
504 3823 673 3908 unicuique
695 3823 792 3907 lapidi
812 3823 859 3887 sic
873 3823 1020 3886 facillime
1036 3835 1155 3884 certum
1171 3822 1275 3885 locum
1295 3842 1392 3904 possc

145 3938 320 4023 assignari,
344 3937 375 4000 in
398 3958 463 4023 quo
485 3937 667 4001 universam
689 3935 883 4022 antiquitatis
902 3936 1066 3999 Romanae
1082 3933 1275 4016 disciplinam
1290 3935 1389 4009 iuvet,

145 4051 269 4127 llrmet,
293 4050 448 4124 illustrct3
483 4048 539 4134 qui
560 4051 698 4125 tandem,
722 4048 753 4111 ni
778 4048 888 4123 fallor,
913 4046 1052 4110 omnium
1074 4046 1252 4129 studiorum
1275 4046 1392 4111 hocin

147 4183 264 4249 genere
287 4162 519 4225 collocatorum
544 4183 709 4244 supremus
733 4160 886 4224 cattinis.

229 4274 291 4339 His
313 4275 458 4339 omnibus
481 4272 601 4337 subieci
624 4272 732 4356 Caput
752 4272 871 4337 XXII.
896 4293 938 4335 en
959 4270 1059 4336 variis
1074 4272 1314 4335 Haonnevcnu
1331 4273 1391 4335 ob·

42 4438 45 4447 .
88 4435 101 4461 ,
146 4386 382 4453 sacrationibus
409 4386 530 4451 criticis
559 4396 728 4464 constans,
758 4407 841 4470 quae
863 4384 990 4469 quidem
1011 4362 1112 4448 laudis
1134 4404 1221 4447 meac
1243 4383 1323 4447 nihil
1343 4382 1392 4446 in·

146 4498 268 4585 digent.
313 4499 555 4565 Praelationem
579 4510 681 4563 autem
704 4498 911 4584 subsequitur
938 4499 1031 4562 Artis
1060 4497 1189 4563 criticae
1217 4495 1392 4580 lapidariae
