2926 5040
554 148 823 208 nmcttaeutot
842 149 924 208 vttt.
980 206 983 223 ι
1085 160 1087 165 ·
1164 196 1167 200 .
1303 150 1358 211 ssa

121 301 264 351 reversus,
289 298 418 355 quattuor
435 278 517 336 niodo
540 288 662 355 priores,
684 280 757 354 quod
780 298 877 335 neuter
895 279 1072 355 putabamus,
1097 280 1193 332 Tarici
1213 297 1242 333 se
1261 278 1362 333 habere

122 377 278 450 respondit.
313 375 394 446 Quod
414 376 581 448 significabit
599 356 733 449 pretium,
765 375 899 428 contiubo
922 392 975 448 pce
989 372 1099 426 eosdem
1118 371 1289 429 Pettalusios
1305 371 1363 443 lae-

124 486 171 524 tus
194 471 289 523 lubens
309 486 401 542 gratus
418 469 533 522 solvam.
615 474 625 493 ⁸
1281 536 1287 549 Ι

202 567 267 635 Pag.
285 565 344 618 CX.
362 544 543 616 honorificam
559 563 711 627 LElCiill,
735 566 843 633 meique
863 558 954 613 fecisti
973 563 1158 621 mentionem,
1180 555 1213 611 de
1228 554 1362 631 diptycho

125 673 210 729 agens
231 656 385 722 consulari,
419 653 491 726 quod
510 653 544 707 ad
563 655 635 707 hauc
657 650 729 708 diem
749 654 849 708 viderit
867 669 963 716 nemo,
991 669 1043 704 uec
1062 649 1143 703 sendo
1160 649 1270 720 quidem
1287 650 1364 703 audi·

122 756 210 802 verit:
242 753 270 802 iu
290 766 344 820 qvo
365 748 509 800 consulare
530 752 629 820 capitis
649 764 841 801 ornamentum
860 750 1048 819 conspiciatur
1068 742 1134 796 adeo
1154 742 1306 815 singulare,
1330 760 1361 798 ut

126 848 186 895 eius
206 840 296 894 simile
309 857 443 911 nusquam
458 839 524 892 alibi
544 839 691 912 prodierit:
713 845 790 893 euius
810 854 901 892 autem
917 837 1037 891 consulis
1053 842 1107 903 sit,
1126 841 1216 910 priore
1235 834 1362 909 diptychi

107 950 204 1009 ‘parte
227 933 367 1006 deperdita
385 938 516 1006 ignorari.
553 932 681 998 Falleris,
707 938 745 985 mi
766 931 888 986 SCIPIO
908 930 1109 993 eruditissime,
1136 918 1269 982 memoria
1288 926 1367 982 falle·

127 1032 183 1088 ris;
202 1042 266 1078 nam
284 1028 424 1080 Anastasii
441 1039 467 1076 a.
483 1025 548 1077 Chr.
567 1028 631 1080 517.
653 1025 869 1092 consultsesse,
893 1027 1079 1076 certissimum
1100 1023 1169 1075 mihi
1192 1039 1234 1075 est
1250 1041 1283 1074 ex
1298 1020 1366 1075 duo·

127 1117 179 1168 bus
203 1113 325 1169 eiusdem
345 1117 483 1169 Anastasii
505 1113 644 1186 diptychis
664 1120 794 1188 integris,
820 1120 848 1169 in
869 1115 966 1186 quibus
986 1114 1084 1167 consul
1104 1119 1156 1167 iste
1173 1113 1271 1168 eodem
1291 1120 1367 1188 capi·

128 1214 166 1262 tis
192 1223 353 1261 ornamento
376 1206 587 1280 conspiciendus
614 1206 693 1260 datus
718 1225 758 1261 est
781 1207 815 1260 ab
834 1209 1020 1266 Wiltbemio:
1054 1205 1083 1260 id
1105 1206 1177 1278 quod
1198 1208 1247 1260 TE
1265 1205 1366 1281 fugisse

85 1361 89 1367 ,
128 1307 230 1366 miror,
250 1301 413 1358 Wiltbcmii
435 1299 508 1352 libro
526 1298 630 1370 pridem
642 1305 825 1368 instructum,
850 1307 928 1355 cuius
947 1306 1076 1373 paginam
1093 1307 1137 1356 22.
1154 1306 1182 1353 in
1196 1318 1277 1374 opere
1291 1301 1366 1356 TVO

128 1393 332 1468 perfectissimo
352 1392 385 1448 de
405 1393 634 1465 Amphitheatro,
671 1411 718 1446 seu
736 1395 868 1449 Veronae
886 1394 1051 1446 Illustratoe
1079 1409 1153 1446 tomo
1172 1395 1219 1448 lv,
1241 1411 1301 1468 pag.
1321 1398 1368 1452 50.

129 1504 158 1542 et
179 1492 242 1546 105.
264 1486 297 1539 ad
318 1503 409 1559 partes
430 1501 584 1542 vocaveras.
624 1488 716 1557 Quum
742 1485 775 1540 de
797 1487 935 1559 Diptyclto
958 1487 1069 1541 Boithii
1095 1485 1217 1540 consulis
1236 1488 1367 1541 brixiano

128 1585 362 1634 commentarium
384 1579 550 1644 scriberem,
573 1579 614 1632 th.
630 1581 706 1634 xiv.
731 1596 791 1653 pag.
815 1583 881 1635 XX.
909 1595 1031 1652 repetere
1056 1577 1137 1632 debui
1159 1581 1367 1637 Wilthemiano
1391 1650 1392 1654 Ἰ

129 1692 175 1726 me
194 1673 266 1725 libro
288 1688 396 1726 carere:
433 1691 488 1743 quo
510 1670 583 1725 baud
610 1672 698 1724 multo
726 1689 787 1745 post
816 1673 920 1726 editum
947 1672 1075 1725 volumen
1094 1674 1366 1742 Qvtutttlativtti,

129 1772 198 1840 quin
214 1765 250 1819 ob
267 1765 295 1818 id
314 1771 404 1838 ipsum
425 1763 546 1832 editum,
566 1765 599 1816 ab
619 1771 788 1818 amicissimo
811 1766 1066 1820 SCilOEPFLINO
1087 1783 1147 1818 sum
1166 1765 1291 1821 donatus.
1314 1811 1318 1820 .

205 1859 247 1914 sd
272 1861 528 1913 Eminentissimum
551 1859 737 1928 Qvittttvvti
757 1875 819 1930 pag.
844 1858 984 1913 ccxiii.
1010 1876 1066 1911 uon
1092 1857 1175 1911 modo
1195 1865 1248 1912 tria
1267 1858 1369 1916 diversi

129 1957 236 2025 generis
254 1956 402 2005 certamina
422 1957 449 2003 in
466 1950 567 2004 tabulis
584 1950 776 2023 diptychorum
789 1949 1052 2019 Arcobinditribus,
1074 1951 1243 2006 Gesneriaua
1260 1969 1287 2008 et
1301 1955 1370 2006 ilot-

131 2040 301 2118 t'iugeriana,
319 2062 368 2097 seu
387 2042 490 2097 duabus
507 2043 719 2104 Turiceusibus;
745 2060 772 2096 et
796 2050 875 2097 tertia
895 2062 942 2097 seu
961 2047 1137 2110 Divionensi,
1162 2051 1279 2118 spectari
1299 2050 1371 2099 scri·

130 2145 191 2213 psi,
210 2137 258 2191 sed
276 2137 379 2190 ibidem
400 2136 506 2190 addidi:
527 2135 632 2207 „Quod
652 2142 675 2190 si
695 2138 827 2209 Diptyehi
843 2138 1019 2191 Divionensis
1035 2138 1156 2191 tabulam
1171 2138 1293 2192 dextram
1311 2138 1368 2194 fors

129 2230 242 2285 fortuna
260 2231 385 2297 offerret,
410 2248 441 2284 ut
455 2233 692 2302 Hottingerinnam
711 2229 828 2296 obtulit,
853 2248 979 2302 quartum
995 2230 1132 2301 quoddam
1148 2237 1307 2285 certaminis
1324 2252 1371 2303 ge-

129 2343 182 2378 nus
199 2322 381 2401 videpemus.”
420 2323 449 2377 Si
468 2329 522 2376 iam
542 2339 608 2376 tunc
628 2324 787 2379 Wilthemii
810 2324 881 2376 liber
897 2324 930 2376 ad
957 2342 1052 2378 manas
1070 2322 1183 2391 fuisset,
1212 2325 1372 2398 superaddi.

129 2414 234 2471 dissem
254 2423 350 2471 etiam:
383 2419 415 2470 Iu
444 2415 581 2490 diptychis
607 2419 745 2471 Anastasii
770 2416 893 2484 duobus,
927 2435 975 2471 seu
998 2417 1097 2471 tabulis
1124 2436 1220 2472 eorum
1239 2436 1369 2490 quattuor

130 2510 223 2563 adhuc
242 2509 374 2584 proditis,
403 2509 506 2563 duabus
527 2508 723 2562 Leodiensibus
745 2525 772 2563 et
795 2509 898 2563 duabus
919 2511 1153 2576 bituricensibus,
1179 2530 1308 2584 quartuor
1325 2510 1369 2565 di-

130 2622 270 2658 versorum
298 2602 426 2663 ludorum
449 2619 546 2675 genera
575 2609 708 2675 conspici.
747 2604 854 2674 Quibus
875 2606 1002 2675 quintum
1022 2604 1130 2658 taudem
1148 2611 1264 2658 accessit
1283 2611 1311 2658 iu
1330 2623 1371 2658 ta·

129 2696 195 2749 bula
213 2698 298 2749 altera
316 2698 441 2770 diptychi
461 2698 634 2750 Anastasiaui
652 2701 743 2763 tertii,
781 2702 858 2750 cuius
881 2696 1001 2750 tabulam
1022 2703 1141 2770 priorem
1162 2717 1209 2752 seu
1226 2698 1369 2752 dexteram

130 2795 153 2843 si
178 2791 234 2843 iore
256 2787 365 2843 fortuna
390 2790 443 2844 inl.
465 2790 626 2844 MAFFEIO
651 2790 776 2857 offerret,
821 2765 852 2845 ut⁸
877 2791 1001 2863 diptychi
1025 2791 1221 2845 Arcobindiani
1250 2793 1370 2847 tabulam

129 2884 369 2955 Hottittgerianam
390 2885 459 2935 milri
477 2882 594 2948 obtulit,
618 2899 725 2936 sextum
742 2881 878 2955 quoddam
894 2884 1021 2937 ludorum
1038 2903 1121 2956 genus
1142 2885 1305 2941 videremus.

204 2977 245 3028 De
268 2976 340 3028 libro
360 2994 422 3029 meo
439 2976 678 3045 Qvtttttttaxo,
702 2995 783 3046 quem
800 2993 864 3030 cum
882 2978 1011 3051 epistolio
1031 2977 1065 3030 ad
1082 2979 1130 3033 TE
1148 2979 1279 3034 Kalendis
1293 2981 1372 3033 Mar-

98 3108 103 3129 .
128 3073 178 3124 tiis
200 3069 408 3125 Mocchlx.
426 3074 557 3133 missum,
590 3069 658 3122 licet
681 3089 714 3122 ex
738 3088 770 3122 eo
792 3086 914 3142 ternpore
941 3071 1012 3123 nihil
1037 3058 1314 3144 prorsus·literarum
1334 3072 1370 3126 ad

128 3181 176 3215 me
194 3160 316 3228 dederis,
345 3177 420 3215 recte
436 3163 485 3215 TE
506 3179 585 3235 spero
607 3169 762 3235 accepisse,
788 3163 854 3235 quid
872 3164 964 3231 TIBI,
985 3165 1118 3218 Italorum
1137 3165 1309 3233 doctissime,
1330 3172 1371 3219 vi-

128 3255 243 3323 deatur,
263 3260 408 3329 inprimis
429 3271 496 3327 quae
516 3255 595 3308 obelo
613 3261 770 3322 notaveris,
794 3262 876 3309 nimis
896 3263 978 3330 cupio
995 3263 1075 3313 scire.
1112 3258 1232 3327 Eadem,
1251 3277 1367 3332 quaeso,

128 3365 232 3421 opera,
270 3367 324 3421 quo
352 3348 415 3401 loco
441 3367 524 3420 ‹yuum
554 3365 641 3402 meam
668 3355 696 3402 in
719 3352 849 3422 epistolio
868 3369 922 3423 quo
942 3350 998 3404 dixi
1019 3351 1179 3406 brevissime
1200 3361 1370 3428 expositam,

128 3457 190 3495 tum
210 3442 367 3496 usitatam
387 3442 656 3511 qum.QV1R1N1
675 3441 709 3493 ad
728 3443 1030 3498 LAGOMARSINVM
1048 3446 1163 3519 epistola
1180 3449 1249 3501 mihi
1268 3448 1372 3503 lectam

128 3535 187 3592 loci
206 3534 337 3588 Dth'IS
355 3539 520 3588 versatissimi
537 3534 772 3600 emendationem,
792 3536 911 3604 babeas,
935 3557 978 3591 me
998 3538 1093 3594 edoce.
1229 3557 1254 3593 s

205 3647 358 3711 Permihi,
388 3665 452 3719 per,
482 3651 607 3718 inquam,
636 3648 704 3700 mihi
733 3647 830 3700 acerba
855 3648 1032 3713 acciderunt,
1064 3667 1132 3722 quae
1157 3652 1234 3705 Mus.
1264 3654 1369 3707 Veron.

127 3756 193 3814 pag.
216 3740 402 3794 ccxxxix.
429 3740 482 3793 eol.
508 3757 531 3793 a.
556 3741 602 3794 iio.
625 3741 677 3793 coi.
700 3740 727 3794 b.
749 3746 810 3794 init.
832 3743 1035 3796 stosuachosius
1062 3749 1181 3818 scripta,
1211 3763 1255 3815 et,
1285 3765 1316 3801 ut
1336 3748 1372 3799 ab

127 3832 285 3885 nutantibus
304 3837 381 3886 iratis
401 3834 486 3899 solet,
513 3838 543 3886 itt
561 3839 648 3887 maius
669 3850 748 3887 aucta
768 3833 889 3889 edidisti.

204 3943 286 3999 Ovid.
307 3963 344 3995 ex
363 3922 451 3997 Ponto
470 3952 503 4001 2:
523 3951 556 4001 2:
576 3951 622 4006 23.

314 4038 372 4089 Sed
384 4039 449 4091 licet
467 4057 548 4089 arma
556 4037 661 4109 feras,
687 4049 715 4092 et
733 4041 850 4092 vttlrtera
866 4058 954 4092 saeva
973 4048 1103 4105 minervae

390 4133 458 4183 Non
474 4140 567 4185 iernen
586 4131 714 4204 efficies,
740 4152 797 4185 nort
813 4142 844 4184 est
865 4152 957 4187 ornere
979 4135 1055 4190 milti.

126 4225 225 4296 Neque
250 4241 361 4298 possum
391 4226 503 4277 TEcum
526 4233 657 4298 conqueri
683 4226 716 4278 de
744 4232 796 4279 ista
826 4227 970 4281 verborum
1000 4230 1160 4284 TVORVM
1187 4230 1371 4297 contumelia,

127 4306 274 4393 posbquam
294 4318 399 4386 literis,
428 4317 527 4385 credo,
552 4325 621 4373 meis
641 4320 729 4394 pridie
751 4321 823 4375 Non.
844 4322 902 4375 lan.
926 4325 1008 4380 t7i9.
1025 4321 1059 4374 ad
1075 4323 1124 4377 ΤΕ
1145 4329 1237 4376 missis
1259 4324 1291 4376 ad
1309 4341 1371 4379 eam

127 4416 217 4464 animi
242 4416 405 4485 aequitatem
429 4429 458 4465 es
484 4413 624 4486 delapsus,
659 4431 688 4467 ut
705 4429 766 4486 pag.
787 4416 1039 4470 cccctxxxvt.
1058 4421 1086 4469 in
1102 4415 1287 4470 Emendaudis
1303 4419 1372 4471 hacc

126 4521 260 4578 poneres:
290 4507 343 4576 ,tt
362 4509 427 4564 259.
445 4521 471 4560 c.
492 4515 519 4565 1.
543 4511 573 4560 in
592 4507 645 4560 fiue
662 4507 794 4560 inducitis
811 4508 954 4562 Deorum:
985 4511 1079 4580 Quum
1098 4514 1149 4565 viri
1174 4509 1251 4567 docti
1267 4511 1372 4567 iudica-
