2926 5040
1002 208 1032 273 ¹.
1248 209 1293 275 aa
1364 164 1402 302 .'

45 371 105 405 vero
128 370 200 417 quum
226 370 256 403 ex
280 355 448 403 Tirubosciu'o
468 359 526 404 satis
555 363 665 414 constet,
695 354 862 402 causacum
887 368 931 411 per
955 354 1080 410 llispsulas
1103 355 1150 399 iter
1177 368 1295 413 nunquam

47 447 195 500 instituisse,
223 445 377 490 manifestum
403 451 453 501 est,
486 452 597 503 peracute
622 447 741 517 divinasse
764 439 989 504 Hogsnbuobium,
1017 443 1194 488 iraudulentum
1214 444 1295 488 nomio

48 548 119 593 quem
134 534 269 588 bominem,
288 530 350 578 fietis
364 548 378 577 a
393 547 419 578 se
432 535 564 590 lapidibus,
584 547 631 593 qno
643 533 760 578 maiorem
771 532 802 578 iis
815 531 981 576 auctoritatem
993 531 1146 585 conciliaret,
1167 529 1296 575 CYRllel

48 623 145 669 uomina
177 619 330 680 praefigendo
357 624 443 677 duplex
471 623 620 667 commisisse
649 620 775 681 flagitium.
828 619 939 664 Fictilias
968 620 1026 664 istas
1055 619 1177 675 inscripti.
1209 618 1297 663 babent

47 709 182 770 Apionus,
201 706 312 754 Mos-ulis
330 715 355 755 et
371 708 447 755 Osco.

120 797 216 843 nlnvs
244 795 416 852 (fronciacus)
441 796 609 842 Commentitia
636 797 726 853 passim
751 795 868 844 habentur
894 796 918 840 in
943 795 994 839 eius
1020 792 1215 854 Antiquitatibus
1239 791 1296 838 Vm-

48 884 153 933 brorum
171 898 194 930 r.
214 869 344 946 Muffsium
362 888 391 930 Δ.
412 883 441 929 C.
460 885 490 930 L.
508 899 532 942 p.
551 882 610 931 tlt.

121 972 326 1018 nonwannvs
345 974 398 1019 vias
419 960 501 1018 tissa.
610 963 613 977 '
1004 1028 1009 1038 ¹

123 1060 273 1106 DONATVS
292 1059 477 1117 (Sebastianus)
495 1060 629 1106 Utilissima
650 1059 756 1118 quamvis
781 1059 829 1105 sint
850 1058 901 1104 eins
921 1059 1084 1114 supplementa
1108 1056 1225 1102 Thesauri
1243 1058 1297 1101 ldu-
1366 1058 1373 1073 ⁸

51 1149 170 1195 saturiani
193 1150 223 1195 iis
246 1149 406 1204 praesertim,
432 1152 472 1206 qni
493 1153 576 1194 carent
595 1149 744 1204 Passioneo,
770 1147 968 1203 premeridibus
993 1151 1017 1191 et
1036 1147 1157 1191 rariorum
1178 1146 1299 1200 opusculis
1388 1125 1394 1136 ⁸

52 1238 144 1283 ltalicis
160 1236 189 1281 ab
206 1251 235 1282 eo
253 1237 382 1295 diligenter
402 1237 530 1292 excerptis,
550 1237 574 1281 in
593 1250 621 1282 eo
636 1241 714 1282 umen
728 1213 936 1292 repiciendendus
954 1239 999 1290 est,
1019 1235 1081 1293 quod
1096 1235 1214 1279 interdum
1229 1247 1299 1278 saxo-

53 1339 109 1371 rum
134 1326 188 1369 loca
213 1324 310 1369 silentio
328 1305 507 1380 praetermisit.
552 1323 656 1369 Subinde
679 1338 772 1383 quoque
794 1305 818 1368 l⁴u
841 1324 949 1368 fraudem
972 1323 1174 1380 inductus,est.a
1201 1322 1300 1368 Sebedis

55 1414 82 1459 in
99 1414 182 1470 primis
196 1411 265 1457 Petri
283 1411 439 1457 Gnoccffll
457 1413 591 1477 Brixiaois,
617 1413 804 1469 corruptissimis
822 1413 975 1470 plerumque,
999 1412 1037 1457 rel
1056 1423 1157 1468 prorsus
1172 1411 1298 1466 suspectis.

54 1502 159 1548 Easdem
176 1514 250 1556 porro
266 1500 434 1556 inscriptiones
452 1500 594 1559 quaudoque
610 1505 699 1547 temere
717 1502 862 1546 uotortnilo
879 1501 975 1557 repetit.

125 1589 245 1635 DONlVS
264 1587 310 1644 (Io.
330 1585 456 1645 Baptista)
475 1588 571 1653 Optima
591 1590 685 1647 quidem
706 1587 752 1634 lide
771 1594 793 1635 et
813 1591 872 1634 scite
891 1594 999 1634 versatus
1023 1593 1060 1633 est
1082 1588 1105 1632 in
1120 1587 1237 1643 lapidibus
1258 1599 1301 1632 ex·

57 1676 190 1724 scribendis
206 1682 230 1721 et
245 1678 398 1735 undequaque
414 1677 567 1736 colligendis,
587 1679 628 1722 sed
640 1678 710 1722 aliter
725 1676 777 1722 fieri
793 1692 840 1722 nou
857 1679 947 1734 potuit,
967 1677 1022 1735 quin
1039 1677 1090 1733 ipse
1109 1689 1202 1735 quoque
1221 1679 1269 1719 tum
1284 1687 1299 1718 a

55 1765 179 1826 bigorio,
199 1765 338 1822 scbedisque
355 1778 385 1809 es
403 1764 533 1824 Liguriano
553 1765 664 1809 thesauro
686 1766 816 1821 derivatis,
837 1772 887 1810 tum
903 1780 918 1810 a
934 1766 1008 1811 variis
1025 1765 1166 1824 antiquariis
1183 1769 1208 1810 et
1226 1764 1302 1807 bisto-

13 1890 16 1896 ,
55 1855 115 1900 ricis
133 1853 308 1909 scriptoribus,
329 1866 388 1911 quos
407 1853 542 1909 consuluit,
561 1854 679 1898 interdum
697 1854 856 1915 deciperetur.

131 1940 285 1986 DONNOLA
304 1939 477 1996 (thaddaeus)
496 1941 639 1999 Hispellates
658 1942 696 2009 hic
713 1943 881 1999 inscriptiones
895 1943 986 2001 aliquot
1002 1939 1144 1987 confinxisse
1164 1939 1303 1998 perbihetur
1365 1926 1386 1953 ‘¹
1429 1932 1440 1944 “

57 2045 74 2075 a
94 2027 221 2074 Zoclaurio
238 2028 382 2074 istitutions
402 2043 427 2085 p.
447 2025 506 2075 197.

128 2116 240 2162 DVNOD
263 2115 293 2160 ds
318 2114 461 2176 Ciaurnugs.
504 2117 570 2176 Quos
593 2119 682 2174 lapides
700 2117 739 2162 dat
756 2119 780 2164 iu
797 2115 911 2163 Histoire
929 2116 964 2164 du
983 2112 1070 2164 Gemi!
1084 2116 1114 2162 cis
1134 2113 1303 2178 Bourgogns,

59 2211 85 2252 et
100 2203 218 2250 Mercuri
236 2203 325 2249 Suissa
344 2203 442 2249 Iuneier
462 2202 537 2250 llll.
547 2237 554 2261 ,
574 2211 642 2251 caule
660 2212 716 2252 suut
732 2208 891 2252 examinandi.

128 2286 323 2338 ElllZZOllVM
350 2292 433 2337 domus
463 2294 571 2339 Venetiis
588 2281 697 2339 ¹Graecis
725 2294 841 2351 lapidibus
871 2300 981 2341 recenter
1010 2294 1107 2350 scriptis
1132 2298 1185 2339 erat
1203 2292 1303 2338 referta.

57 2377 194 2445 Muffeill.
214 2380 243 2425 C.
263 2380 292 2424 1..
313 2394 337 2437 p.
364 2377 405 2426 76.
567 2372 571 2379 ’

130 2468 319 2514 PABRETTVS
345 2465 632 2526 (Rupboell')1lubiae‚
662 2476 687 2514 ot
703 2471 878 2525 praediximus,
901 2469 1051 2514 auctoritatis
1069 2474 1093 2514 et
1110 2468 1238 2528 bigotiana
1256 2468 1305 2524 pls·
1369 2486 1376 2497 =

60 2571 161 2616 nmque
182 2562 251 2612 sunt,
271 2570 424 2614 quaecunque
439 2570 469 2601 ex
488 2555 619 2601 Voticun'is
637 2557 730 2602 schedis
746 2559 880 2614 excerpsit3
899 2570 974 2616 neque
996 2569 1091 2612 semper
1108 2553 1227 2600 fidendum
1241 2552 1306 2633 Bor·=
1390 2597 1394 2609 ,

61 2656 167 2701 barinis.
191 2656 314 2701 interdurn
323 2656 394 2701 etiam
403 2657 505 2711 nescias,
517 2661 595 2700 ulrum
608 2657 718 2700 suadet
734 2653 769 2700 εί
781 2639 935 2719 ἀυτοψίᾳ,
955 2669 984 2699 au
1000 2669 1029 2701 ex
1047 2655 1190 2722 apographis
1208 2659 1306 2699 tantum.

39 2806 42 2811 Ι
61 2744 100 2790 Ex
118 2745 261 2805 negligentia
279 2745 379 2802 quadam
397 2744 449 2788 loca
466 2745 736 2801 sanorum'lrequenter
754 2748 828 2797 tacet,
849 2735 970 2802 quamvis,
991 2748 1016 2788 ut
1033 2745 1126 2787 aliunde
1142 2743 1245 2797 scimus,
1270 2743 1307 2788 vel

38 2814 41 2818 Χ
62 2832 178 2892 Ligurius
199 2846 227 2876 ea
245 2847 259 2875 a
274 2846 300 2877 se
320 2846 391 2888 saepe
410 2846 463 2876 cnm
478 2833 543 2877 saxis
559 2834 617 2888 ipsis
636 2830 736 2877 conficta
752 2833 889 2890 plerumque
909 2832 1002 2876 curiose
1021 2835 1151 2875 enotasset.
1173 2857 1177 2864 -

133 2919 301 2965 ranntclvs
326 2918 474 2979 (Georgius)
500 2920 538 2964 Ex
561 2921 630 2965 buius
651 2934 743 2978 quoque
767 2921 864 2975 scriptis
890 2919 961 2964 dubia
985 2921 1101 2976 quaedam
1123 2920 1148 2963 in
1172 2917 1261 2964 Ssaetii
1286 2923 1311 2964 et

64 3005 171 3054 Gruteri
187 3007 314 3052 thesauros
336 3008 498 3064 transierunt;
518 2979 573 3063 (ciri
596 3008 666 3053 Grul.
690 3010 761 3064 Spur.
782 3003 812 3062 3,
834 3005 857 3053 6.
878 3007 936 3063 cet.)
955 3021 1002 3052 nou
1020 3009 1083 3065 quod
1100 3009 1151 3063 ipse
1165 3007 1260 3052 *fraudis
1278 3007 1312 3053 sit

64 3097 237 3154 postulandus,
258 3096 299 3140 sed
314 3096 389 3151 decipi
411 3109 437 3141 se
456 3109 541 3153 passus
560 3101 597 3142 est
613 3097 643 3141 ab
661 3095 759 3155 Apiuuo
776 3097 885 3155 aliisque.

134 3182 288 3228 sausaml.
326 3182 489 3244 „Seguieriua
507 3185 552 3241 Ep.
576 3181 601 3230 5.
618 3199 641 3229 a.
664 3181 740 3229 slsl.
761 3185 832 3229 babet
850 3186 964 3242 quaedum
982 3184 1010 3229 de
1028 3183 1157 3241 suppositis
1174 3184 1311 3240 inscriptio·

66 3271 154 3325 uibus,
175 3270 260 3329 quibus
282 3272 384 3315 inaximo
402 3272 445 3316 bac
467 3277 607 3328 tempestate
629 3274 771 3327 cavendum,
792 3279 816 3318 ol
832 3286 892 3331 quae
910 3273 999 3317 llourae
1022 3274 1165 3329 praesertim
1182 3286 1197 3317 a
1213 3281 1311 3328 parrer·

66 3360 170 3419 sissiupis
187 3360 291 3404 falsariis
313 3360 486 3417 antiquitatum*
500 3361 631 3406 cultoribus
654 3361 814 3406 obiiciantur:
846 3367 896 3405 tum
914 3361 942 3405 de
960 3363 1066 3419 quodam
1082 3362 1241 3405 marmorario
1263 3343 1311 3405 Ve-

66 3449 138 3493 netiis
162 3453 216 3492 lunc
240 3448 356 3502 temporis
380 3449 493 3508 degente,
524 3450 563 3506 qui
588 3447 683 3494 fictitias
710 3449 878 3504 inscriptiones
909 3451 1023 3519 plurimas
1052 3463 1211 3494 marmorum·
1225 3447 1312 3494 crustis

66 3536 203 3589 incidebat,
224 3540 247 3580 el
268 3541 386 3594 tamquam
407 3543 487 3582 essent
512 3551 523 3582 e
545 3536 647 3582 Graecia
664 3538 701 3582 vel
723 3537 816 3581 aliunde
837 3538 936 3591 allatae,
957 3539 1015 3581 dura
1035 3538 1113 3583 fronte
1135 3538 1235 3582 incaultis
1256 3538 1312 3608 ion:

68 3624 148 3669 debat.
186 3611 284 3669 Memini
306 3638 400 3683 quoque
421 3622 608 3679 Muscotsnum,
628 3639 699 3682 quium
718 3625 800 3670 'l'urici
822 3615 1025 3679 commoraretur,
1045 3626 1102 3669 mibi
1124 3640 1237 3680 narrare,
1256 3624 1313 3669 Flo-

66 3713 160 3758 rentiae
178 3713 295 3770 quendam
316 3725 426 3757 nummos
450 3714 559 3771 antiquos
580 3714 613 3758 ita
637 3714 741 3767 imitari,
767 3713 888 3770 nt,ialsos
909 3715 974 3767 eius,
995 3714 1040 3758 uisi
1060 3712 1173 3759 falsarius
1193 3714 1262 3769 ipse,
1290 3716 1315 3759 et

67 3798 247 3855 Mossolenus,
276 3814 346 3845 nemo
371 3801 499 3846 discernat.
536 3801 696 3857 impostorem
719 3802 780 3846 buno
800 3796 824 3845 a¹
837 3799 982 3846 llloosolsno
1011 3802 1159 3861 gravissimis
1182 3802 1315 3846 rationibus
1340 3851 1347 3888 θ

70 3890 154 3934 adduci
179 3902 226 3933 uon
253 3890 375 3944 potuisse,
403 3895 429 3934 ut
454 3895 532 3934 artem
556 3891 684 3945 pessimam
711 3891 832 3934 desineret
861 3891 1000 3935 exercere.''
1036 3889 1172 3935 HAGENB.
1204 3889 1315 3934 Graviter
1404 3917 1409 3926 -

70 3973 202 4022 Murinius
221 3980 313 4034 quoque
329 3975 419 4020 iscris.
442 3975 536 4023 Albona
555 3975 581 4034 p.'
600 3975 657 4023 199.
678 3977 701 4022 iu
721 3978 835 4022 eiusmodi
855 3979 970 4034 quendam
988 3978 1111 4023 falsarium
1129 3979 1256 4023 invehitur.

142 4063 361 4110 Fannsslstlau
388 4062 516 4121 selectae,
536 4067 621 4123 quibus
642 4079 698 4110 usus
720 4071 756 4110 est
775 4063 950 4118 Murutorius,
982 4068 1047 4122 ipsae
1069 4068 1314 4135 quoque-inquinatae

12 4174 16 4186 ·
72 4157 143 4199 aaut
159 4152 296 4236 Liporianis
304 4185 310 4207 ,
330 4154 401 4212 longe
417 4154 529 4200 meliores
548 4159 625 4200 umen
644 4152 767 4199 Gudiaois.
787 4167 811 4199 r.
830 4155 895 4222 litor.
911 4149 997 4212 Pruss.
1012 4154 1042 4199 T.
1058 4153 1083 4200 1.
1102 4160 1133 4211 p.
1142 4151 1167 4200 7.
1204 4155 1315 4210 spuriam

73 4236 445 4297 exissucunr.1sul,5.
536 4233 538 4238 ’
1079 4227 1084 4235 ’

138 4512 222 4628 ‘gurd
235 4514 257 4554 iu
271 4513 367 4554 t'etnnn
380 4513 521 4568 nacdpalones
533 4519 613 4575 practer
627 4514 668 4555 433
682 4521 777 4578 pateruae
791 4516 813 4556 iu
824 4514 889 4570 Cspp.
901 4522 946 4570 ootp
955 4515 1070 4569 pristitum,
1083 4514 1145 4553 «1225.
1160 4513 1244 4554 serina
1254 4513 1316 4554 7688.

77 4587 138 4630 iilo
178 4588 202 4628 ll.
