2926 5040
131 126 186 183 iia
651 117 851 176 EPISTOLA

135 246 303 306 invenienda
320 202 457 304 ‘dhuexxm
474 247 566 323 lapide
584 254 712 322 antiqno,
730 266 817 320 neque
835 249 869 303 de
887 238 985 303 hausta
997 265 1032 302 ex
1043 243 1151 302 schedis
1168 247 1372 298 recentiorum

136 342 185 399 ted
196 343 233 411 ¹‹le
250 347 419 409 Proacresii‚
440 359 520 413 quam
536 330 676 416 Eutropius
695 347 797 395 ineius
815 347 871 416 rita
886 341 968 395 nobit
984 345 1110 394 servarit.
1148 338 1178 391 Si
1198 338 1372 392 Muratorius

137 437 284 491 consilium
302 453 382 488 sunm
398 433 432 487 ad
452 440 523 501 115,
546 439 573 490 2.
589 440 743 508 expositum
755 449 826 488 esset
842 450 968 500 secutus,
990 436 1140 502 Ptoaeretii
1157 433 1373 503 inscriptionem

136 512 171 585 eu
188 530 307 602 Eunapii
324 528 397 580 libro
427 532 456 581 in
475 529 646 581 Thesaurum
672 544 751 580 tuum
769 520 923 581 intulisset:
954 529 1096 598 quianon
1118 524 1229 587 intulis.
1261 521 1373 574 titulum

136 614 290 677 l’roaeresii
309 624 368 674 eius
384 621 511 692 effugisse
525 619 696 693 diligentiam
715 625 828 682 notavi;
849 625 940 694 ipsum
954 634 1046 673 antem
1058 617 1206 693 bluratorii
1224 614 1373 667 consilium

58 770 60 775 ,
138 728 248 767 tantum
264 712 417 780 abluit‚·ut
435 712 601 766 damnarim:
627 711 736 766 laudavi
755 718 861 785 potius,
880 727 908 766 et
929 715 1012 764 etiam
1031 727 1104 763 nunc
1120 709 1211 773 laudo.
1235 709 1296 782 'lta
1317 710 1373 759 iam

137 821 230 859 mente
248 811 354 871 cernit,
374 803 461 859 oculis
479 804 571 871 vider,
596 805 723 857 manibus
744 821 835 870 tenes,
855 809 960 878 optime
973 802 1126 870 alaim,
1145 801 1211 877 qnisl
1229 800 1372 872 Eunaptu

82 962 86 967 ¹
137 913 165 953 ot
184 900 357 954 Proseresius
376 895 478 952 iaciant
495 895 529 951 ad
546 912 643 952 notam
662 898 809 952 Muratorii
830 901 900 965 tto.
918 903 945 953 2.
966 911 1019 950 cet.

579 1113 930 1129 W

708 1349 807 1408 VIII.
913 1399 919 1412 .

323 1450 330 1482 t

436 1481 527 1540 Viro
552 1481 833 1538 inlustrissimo
859 1476 1073 1538 Marohio'ni

337 1591 734 1658 sc1t³101t1
795 1566 1177 1658 manento

480 1718 502 1765 l.
527 1718 688 1764 casian.
716 1717 1033 1764 iliiGlillllVCliIVS.

683 1815 717 1875 S.
737 1817 772 1874 P.
793 1817 831 1874 D.

611 1939 614 1946 ¹
661 1944 859 1963 mn—

95 2002 98 2008 ’
210 2031 367 2089 Mvstavtu
386 2031 619 2102 votionum,
642 2050 669 2090 et
689 2051 757 2108 qnae
774 2051 789 2088 a
809 2035 873 2101 Th,
902 2034 1127 2107 antiquariorum
1147 2038 1246 2089 aetatis
1266 2048 1377 2089 nostras

45 2125 49 2133 ’
140 2125 331 2195 Phineum,
350 2129 569 2202 Inscriptionum
586 2132 614 2181 in
632 2133 728 2202 primis
748 2134 921 2200 antiquatum
938 2129 1040 2180 Promo
1056 2125 1153 2179 Condo
1171 2126 1204 2180 tle
1225 2128 1378 2202 Republica

141 2221 275 2274 Litetaria
292 2219 579 2287 benemerentissimo‚
606 2223 724 2274 consilio
741 2238 932 2294 usquequaque
950 2218 1075 2294 prudenti
1096 2219 1203 2274 adiecta
1221 2236 1302 2286 sunt,
1327 2221 1378 2274 sub

140 2311 224 2366 finem
239 2316 305 2366 anui
323 2332 411 2387 nuper
427 2313 511 2386 elapsi
529 2307 610 2367 finem
631 2331 739 2386 quoque
757 2331 836 2367 suum
854 2317 1010 2387 accepisse,
1040 2313 1273 2386 TlBlgrttulor,
1306 2317 1377 2379 ‚mihi

141 2407 277 2478 gaudeo..
293 2405 370 2480 Opus
393 2405 448 2458 hoc
470 2410 604 2479 insignem
627 2424 749 2461 summae
775 2406 933 2480 diligentiae
956 2422 984 2459 et
1004 2405 1167 2460 emtlltionit
1184 2406 1285 2461 Testa
1304 2404 1377 2460 hautl

140 2500 258 2572 vulgaris
282 2499 439 2552 thesaurum
457 2499 585 2555 omnibus
605 2500 747 2554 recludens
764 2500 921 2554 immortale
940 2518 996 2552 non
1015 2505 1104 2552 minus
1123 2497 1201 2564 iore,
1223 2515 1258 2552 ac
1273 2500 1378 2571 reliqua

124 2586 236 2645 'omnia
262 2596 366 2664 ingenii
393 2592 456 2646 Tvt
490 2598 616 2646 acerrimi
645 2599 830 2661 monimenta,
864 2594 969 2668 pridem
986 2609 1046 2645 sunt
1072 2607 1227 2663 auguratus.
1276 2594 1376 2645 Cetera

141 2703 265 2758 quoque,
284 2700 355 2758 quae
373 2703 443 2739 unns
463 2691 588 2739 omnium
613 2692 846 2759 praestantissime
866 2686 977 2759 publico
997 2686 1071 2739 bono
1089 2685 1230 2739 meditaris
1248 2702 1276 2736 et
1298 2702 1377 2758 paras

47 2782 50 2789 '
141 2782 274 2832 exanimi
291 2796 348 2831 non
365 2780 428 2832 TVI
449 2784 536 2851 magis
558 2797 641 2853 quam
660 2785 749 2834 nostri
769 2797 833 2834 roto
853 2781 902 2833 TE
915 2795 1021 2833 mature
1037 2779 1165 2852 perlicere
1179 2794 1206 2831 et
1228 2778 1380 2843 absolvere,

141 2875 181 2925 lta
196 2874 266 2925 milri
285 2875 380 2924 omnia
395 2888 465 2944 quae
486 2887 553 2949 opto
575 2877 756 2944 contingant,
783 2889 815 2927 ut
832 2874 1008 2927 vehementer
1031 2873 1121 2925 velim.
1159 2874 1252 2940 Quare
1270 2870 1378 2924 natta

139 2963 212 3021 TER
228 2963 264 3019 Ο.
281 2965 325 3019 Μ.
341 2962 454 3038 supplex
470 2983 599 3033 veneror,
630 2983 663 3020 ut
679 2970 758 3020 novis
774 2983 846 3019 novo
864 2967 917 3020 boc
936 2982 1008 3028 anno
1026 2965 1129 3019 ritibus
1152 2969 1313 3018 succinctos
1337 2982 1380 3018 as·

140 3073 247 3113 suetam
265 3062 355 3112 tieem
372 3056 520 3111 fortissime
539 3075 671 3132 praestet.
709 3058 752 3114 Sit
770 3060 847 3113 TIBl
868 3055 959 3118 ἀετοῦ
976 3060 1073 3137 γῆρας
1091 3058 1235 3131 proverbio
1258 3058 1380 3112 celebra-

142 3165 215 3212 tumz
240 3150 336 3216 Tlssl,
354 3154 485 3222 inquam,
511 3150 543 3209 ἰν
563 3150 724 3234 νεφέλῃσιν
743 3149 830 3223 ἀετῷ.
867 3151 945 3205 Vnde
964 3150 1035 3222 quod
1057 3149 1090 3203 ad
1110 3153 1164 3204 los.
1186 3152 1293 3204 lustum
1313 3153 1380 3204 Sca-

141 3242 274 3311 ligerum,
301 3244 452 3297 Veronensi
469 3260 546 3317 patre
568 3244 762 3312 nobilitatum,
792 3249 881 3299 lustus
900 3247 1027 3319 Lipsius,
1055 3242 1084 3297 td
1103 3262 1153 3315 ego
1174 3249 1324 3297 iustissime
1346 3243 1379 3296 orl

142 3336 205 3403 Th,
226 3335 342 3389 inlustre
358 3337 481 3389 Veronae
500 3338 598 3390 'rvati
621 3336 714 3391 decus.
740 3339 838 3410 Aquila
858 3343 887 3391 in
906 3338 1041 3405 nubibus,
1059 3336 1131 3408 qood
1152 3337 1252 3391 Graeci
1272 3337 1380 3406 dicuni,

139 3447 201 3481 veto
220 3430 267 3482 'l'V
283 3446 328 3482 es:
348 3430 440 3495 sitlos,
461 3435 548 3482 immo
568 3430 690 3503 perviles
710 3437 820 3492 omnia;
841 3447 868 3485 et
886 3429 1018 3502 quicquid
1034 3435 1157 3494 venaris,
1176 3435 1262 3502 capis.

214 3523 268 3574 Pro
290 3520 378 3574 tribus
404 3522 519 3576 Mvsnl
541 3524 604 3575 TVI
630 3523 827 3596 exemplaribus
848 3530 894 3597 qui
914 3526 1012 3577 adhuc'
1022 3523 1157 3576 debentur
1173 3528 1248 3576 aurei
1272 3528 1378 3577 nummi

141 3614 332 3680 straveren,
356 3631 403 3667 eoa
423 3614 589 3668 nobilissimi
611 3616 757 3670 Pertaluzii
782 3636 831 3690 per
851 3622 1024 3691 Bergomates
1045 3634 1108 3671 snos
1128 3618 1305 3680 Carattonio,
1332 3617 1381 3669 Se-

141 3711 254 3760 minarii
276 3711 473 3761 veronensium
495 3710 659 3782 episcopalis
683 3711 869 3783 typographo,
899 3710 1013 3766 solvent.
1057 3712 1120 3764 Duo
1143 3711 1325 3782 exemplaria,
1350 3727 1380 3764 ut

141 3798 272 3867 decebat,
304 3805 364 3854 sine
386 3817 463 3853 ntora
478 3802 690 3874 Argentoratum
706 3819 733 3855 et
752 3804 954 3876 Noviomagum
975 3801 1139 3859 Geldrornm
1160 3807 1238 3856 misi:
1269 3809 1381 3857 tertium

141 3894 269 3968 publicae
288 3892 485 3946 Turicensium
506 3895 690 3948 bibliothecae
709 3892 882 3950 inferendum
901 3913 1068 3966 anteesse,
1091 3914 1148 3950 non
1166 3900 1286 3969 ignotas.
1324 3899 1381 3952 Cur

142 4005 206 4040 veto
227 3991 257 4039 ln
272 3985 418 4039 Sociorum
436 4004 484 4039 seu
506 3988 739 4041 subscribentium
759 4008 871 4043 numero
890 4009 992 4044 nomen
1009 4007 1054 4043 me
1074 4007 1168 4043 meum
1187 3990 1308 4064 profiteri
1325 4009 1382 4044 non

142 4097 237 4154 possus
266 4095 394 4151 quartum
424 4081 562 4153 exemplar
583 4081 687 4141 nullum
711 4086 830 4137 misisti?
867 4085 937 4151 Fac,
965 4101 1033 4150 oro,
1063 4089 1158 4137 statim
1178 4088 1289 4149 mittas,
1308 4082 1383 4154 quod

142 4176 212 4227 milti
228 4190 350 4240 servem,
386 4177 433 4245 qui
454 4177 555 4226 eximio
573 4175 628 4227 hoc
645 4174 782 4228 volumine
801 4177 878 4231 TVO
901 4193 995 4230 carere
1023 4193 1074 4230 nec
1097 4177 1159 4231 solo
1182 4195 1384 4250 neuportum:

142 4273 221 4341 eique
242 4265 320 4334 adde,
338 4282 449 4338 quaeso,
470 4284 518 4320 sex
535 4266 766 4321 Observationum
782 4257 936 4324 thttvM
955 4270 1138 4324 litorariarutn
1158 4271 1273 4324 Tomos.
1306 4272 1384 4326 illibi

25 4430 29 4437 ⁵
142 4364 216 4414 enim
242 4379 275 4412 er
299 4359 468 4413 bibliotheca
496 4360 685 4414 Pesaaluaiana
712 4377 820 4415 sertum
841 4378 965 4431 tomum,
996 4368 1075 4418 cuius
1097 4380 1182 4437 caput
1198 4368 1318 4438 primum
1338 4383 1384 4418 me

142 4454 231 4528 legero
252 4458 385 4522 iusseras,
419 4451 550 4505 utendum
572 4457 679 4527 roganti
701 4460 952 4526 praestantissimus
972 4462 1097 4528 amicus,
1123 4457 1260 4531 Bergomo
1277 4456 1313 4511 atl
1332 4476 1385 4512 nos
