<?xml version="1.0" encoding="UTF-8"?>
<!DOCTYPE html PUBLIC "-//W3C//DTD XHTML 1.0 Transitional//EN"
    "http://www.w3.org/TR/xhtml1/DTD/xhtml1-transitional.dtd">
<html xmlns="http://www.w3.org/1999/xhtml" xml:lang="en" lang="en">
 <head>
  <title>
</title>
<meta http-equiv="Content-Type" content="text/html;charset=utf-8" />
  <meta name='ocr-system' content='tesseract 3.04.00' />
  <meta name='ocr-capabilities' content='ocr_page ocr_carea ocr_par ocr_line ocrx_word'/>
</head>
<body>
  <div class='ocr_page' id='page_1' title='image "./inscriptionvmla01orelgoog_0532.png"; bbox 0 0 2926 5040; ppageno 0'>
   <div class='ocr_carea' id='block_1_1' title="bbox 562 178 1367 242">
    <p class='ocr_par' dir='ltr' id='par_1_1' title="bbox 562 178 1367 242">
     <span class='ocr_line' id='line_1_1' title="bbox 562 178 1367 242; baseline 0.007 -6"><span class='ocrx_word' id='word_1_1' title='bbox 562 178 834 237; x_wconf 79' lang='lat' dir='ltr'>EPIGRAPIIICA</span> <span class='ocrx_word' id='word_1_2' title='bbox 851 179 951 236; x_wconf 82' lang='lat' dir='ltr'>VIII..</span> <span class='ocrx_word' id='word_1_3' title='bbox 1311 181 1367 242; x_wconf 67' lang='grc'>515</span> 
     </span>
    </p>
   </div>
   <div class='ocr_carea' id='block_1_2' title="bbox 79 306 1368 646">
    <p class='ocr_par' dir='ltr' id='par_1_2' title="bbox 80 306 1368 385">
     <span class='ocr_line' id='line_1_2' title="bbox 80 306 1368 385; baseline 0.002 -23"><span class='ocrx_word' id='word_1_4' title='bbox 80 306 88 351; x_wconf 72' lang='lat' dir='ltr'>&#39;f</span> <span class='ocrx_word' id='word_1_5' title='bbox 131 309 262 384; x_wconf 72' lang='lat' dir='ltr'>perlegit,</span> <span class='ocrx_word' id='word_1_6' title='bbox 282 310 387 367; x_wconf 67' lang='lat' dir='ltr'>&#39;I&#39;Eers</span> <span class='ocrx_word' id='word_1_7' title='bbox 417 309 507 364; x_wconf 82' lang='lat' dir='ltr'>iacere</span> <span class='ocrx_word' id='word_1_8' title='bbox 525 310 674 365; x_wconf 74' lang='lat' dir='ltr'>recusabit.</span> <span class='ocrx_word' id='word_1_9' title='bbox 702 311 859 385; x_wconf 79' lang='lat' dir='ltr'>&#39;videquae</span> <span class='ocrx_word' id='word_1_10' title='bbox 878 318 974 365; x_wconf 89' lang='lat' dir='ltr'>&#39;contra</span> <span class='ocrx_word' id='word_1_11' title='bbox 994 315 1178 367; x_wconf 87' lang='lat' dir='ltr'>Muratorium</span> <span class='ocrx_word' id='word_1_12' title='bbox 1201 310 1368 385; x_wconf 70' lang='lat' dir='ltr'>In‚epistola</span> 
     </span>
    </p>

    <p class='ocr_par' dir='ltr' id='par_1_3' title="bbox 79 400 1367 478">
     <span class='ocr_line' id='line_1_3' title="bbox 79 400 1367 478; baseline 0.002 -23"><span class='ocrx_word' id='word_1_13' title='bbox 79 464 82 471; x_wconf 91' lang='lat'><strong>.</strong></span> <span class='ocrx_word' id='word_1_14' title='bbox 131 400 164 456; x_wconf 71' lang='lat' dir='ltr'>aid</span> <span class='ocrx_word' id='word_1_15' title='bbox 187 404 239 458; x_wconf 93' lang='lat' dir='ltr'>lnl.</span> <span class='ocrx_word' id='word_1_16' title='bbox 258 404 480 458; x_wconf 77' lang='lat' dir='ltr'>uleuuuvM</span> <span class='ocrx_word' id='word_1_17' title='bbox 503 421 564 478; x_wconf 82' lang='lat' dir='ltr'>pag.</span> <span class='ocrx_word' id='word_1_18' title='bbox 580 408 607 461; x_wconf 87' lang='lat'>9.</span> <span class='ocrx_word' id='word_1_19' title='bbox 633 415 676 462; x_wconf 84' lang='grc' dir='ltr'>1ο.</span> <span class='ocrx_word' id='word_1_20' title='bbox 693 403 844 478; x_wconf 73' lang='lat' dir='ltr'>disputavi,</span> <span class='ocrx_word' id='word_1_21' title='bbox 871 424 954 477; x_wconf 89' lang='lat' dir='ltr'>quum</span> <span class='ocrx_word' id='word_1_22' title='bbox 973 421 1035 463; x_wconf 85' lang='lat' dir='ltr'>ante</span> <span class='ocrx_word' id='word_1_23' title='bbox 1055 412 1146 459; x_wconf 89' lang='lat' dir='ltr'>omnia</span> <span class='ocrx_word' id='word_1_24' title='bbox 1168 422 1255 458; x_wconf 88' lang='lat' dir='ltr'>totam</span> <span class='ocrx_word' id='word_1_25' title='bbox 1272 409 1367 462; x_wconf 87' lang='lat' dir='ltr'>Mura-</span> 
     </span>
    </p>

    <p class='ocr_par' dir='ltr' id='par_1_4' title="bbox 79 480 1366 646">
     <span class='ocr_line' id='line_1_4' title="bbox 79 480 1366 572; baseline 0.003 -22"><span class='ocrx_word' id='word_1_26' title='bbox 79 482 88 505; x_wconf 76' lang='lat'>&#39;</span> <span class='ocrx_word' id='word_1_27' title='bbox 132 501 197 550; x_wconf 86' lang='lat' dir='ltr'>torii</span> <span class='ocrx_word' id='word_1_28' title='bbox 227 480 432 551; x_wconf 71' lang='lat' dir='ltr'>adnotatione&#39;m</span> <span class='ocrx_word' id='word_1_29' title='bbox 457 514 520 550; x_wconf 90' lang='lat' dir='ltr'>cum</span> <span class='ocrx_word' id='word_1_30' title='bbox 546 497 715 571; x_wconf 76' lang='lat' dir='ltr'>pulvisculo,</span> <span class='ocrx_word' id='word_1_31' title='bbox 748 498 827 559; x_wconf 84' lang='lat' dir='ltr'>iidem</span> <span class='ocrx_word' id='word_1_32' title='bbox 848 499 1105 572; x_wconf 69' lang='lat' dir='ltr'>reprehensionibus</span> <span class='ocrx_word' id='word_1_33' title='bbox 1134 505 1202 552; x_wconf 88' lang='lat' dir='ltr'>meis</span> <span class='ocrx_word' id='word_1_34' title='bbox 1227 498 1366 570; x_wconf 84' lang='lat' dir='ltr'>facturus,</span> 
     </span>
     <span class='ocr_line' id='line_1_5' title="bbox 131 585 382 646; baseline 0.004 -4"><span class='ocrx_word' id='word_1_35' title='bbox 131 590 301 646; x_wconf 87' lang='lat' dir='ltr'>adtulissem.</span> <span class='ocrx_word' id='word_1_36' title='bbox 376 585 382 605; x_wconf 90' lang='lat'><em>&#39;</em></span> 
     </span>
    </p>
   </div>
   <div class='ocr_carea' id='block_1_3' title="bbox 78 668 1364 2003">
    <p class='ocr_par' dir='ltr' id='par_1_5' title="bbox 126 668 1364 1335">
     <span class='ocr_line' id='line_1_6' title="bbox 205 668 1364 777; baseline 0.002 -21"><span class='ocrx_word' id='word_1_37' title='bbox 205 668 479 774; x_wconf 52' lang='lat' dir='ltr'>Erga&#39;liuratorium</span> <span class='ocrx_word' id='word_1_38' title='bbox 495 706 578 756; x_wconf 87' lang='lat' dir='ltr'>nimis</span> <span class='ocrx_word' id='word_1_39' title='bbox 595 701 680 766; x_wconf 87' lang='lat' dir='ltr'>lenis,</span> <span class='ocrx_word' id='word_1_40' title='bbox 705 716 830 774; x_wconf 84' lang='lat' dir='ltr'>asper-um</span> <span class='ocrx_word' id='word_1_41' title='bbox 849 701 904 755; x_wconf 89' lang='lat' dir='ltr'>hoc</span> <span class='ocrx_word' id='word_1_42' title='bbox 926 701 1041 770; x_wconf 84' lang='lat' dir='ltr'>dedisti,</span> <span class='ocrx_word' id='word_1_43' title='bbox 1068 705 1181 757; x_wconf 84' lang='lat' dir='ltr'>Retiarii</span> <span class='ocrx_word' id='word_1_44' title='bbox 1204 707 1364 777; x_wconf 84' lang='lat' dir='ltr'>inscriptio·</span> 
     </span>
     <span class='ocr_line' id='line_1_7' title="bbox 130 786 1364 865; baseline 0.003 -18"><span class='ocrx_word' id='word_1_45' title='bbox 130 813 195 848; x_wconf 90' lang='lat' dir='ltr'>aem</span> <span class='ocrx_word' id='word_1_46' title='bbox 212 797 564 851; x_wconf 81' lang='lat' dir='ltr'>Cratero-Mutaturianom</span> <span class='ocrx_word' id='word_1_47' title='bbox 585 794 737 865; x_wconf 81' lang='lat' dir='ltr'>legitimam</span> <span class='ocrx_word' id='word_1_48' title='bbox 757 813 813 848; x_wconf 91' lang='lat' dir='ltr'>non</span> <span class='ocrx_word' id='word_1_49' title='bbox 833 813 900 848; x_wconf 87' lang='lat' dir='ltr'>csse.</span> <span class='ocrx_word' id='word_1_50' title='bbox 940 796 1014 864; x_wconf 85' lang='lat' dir='ltr'>Quid</span> <span class='ocrx_word' id='word_1_51' title='bbox 1031 799 1089 850; x_wconf 86' lang='lat' dir='ltr'>itai</span> <span class='ocrx_word' id='word_1_52' title='bbox 1119 794 1147 847; x_wconf 83' lang='lat' dir='ltr'><em>E</em></span> <span class='ocrx_word' id='word_1_53' title='bbox 1164 796 1287 863; x_wconf 80' lang='lat' dir='ltr'>schedis,</span> <span class='ocrx_word' id='word_1_54' title='bbox 1321 786 1364 851; x_wconf 89' lang='lat' dir='ltr'>in-</span> 
     </span>
     <span class='ocr_line' id='line_1_8' title="bbox 130 880 1363 959; baseline 0.004 -19"><span class='ocrx_word' id='word_1_55' title='bbox 130 894 211 959; x_wconf 91' lang='lat' dir='ltr'>quis,</span> <span class='ocrx_word' id='word_1_56' title='bbox 237 895 318 953; x_wconf 80' lang='lat' dir='ltr'>oria,</span> <span class='ocrx_word' id='word_1_57' title='bbox 347 907 428 958; x_wconf 75' lang='lat' dir='ltr'>pesam</span> <span class='ocrx_word' id='word_1_58' title='bbox 455 906 533 940; x_wconf 76' lang='lat' dir='ltr'>sterno</span> <span class='ocrx_word' id='word_1_59' title='bbox 556 887 631 939; x_wconf 81' lang='lat' dir='ltr'>vidit</span> <span class='ocrx_word' id='word_1_60' title='bbox 655 907 781 957; x_wconf 80' lang='lat' dir='ltr'>unqttant.</span> <span class='ocrx_word' id='word_1_61' title='bbox 818 887 1024 940; x_wconf 84' lang='lat' dir='ltr'>Eschedarum</span> <span class='ocrx_word' id='word_1_62' title='bbox 1045 880 1203 943; x_wconf 83' lang='lat' dir='ltr'>auctoribus</span> <span class='ocrx_word' id='word_1_63' title='bbox 1222 897 1363 945; x_wconf 86' lang='lat' dir='ltr'>neminem</span> 
     </span>
     <span class='ocr_line' id='line_1_9' title="bbox 129 978 1363 1053; baseline 0.005 -20"><span class='ocrx_word' id='word_1_64' title='bbox 129 997 249 1053; x_wconf 86' lang='lat' dir='ltr'>unquam</span> <span class='ocrx_word' id='word_1_65' title='bbox 265 981 352 1033; x_wconf 87' lang='lat' dir='ltr'>ullum</span> <span class='ocrx_word' id='word_1_66' title='bbox 371 978 523 1039; x_wconf 73' lang='grc' dir='ltr'>αὐτόπτου</span> <span class='ocrx_word' id='word_1_67' title='bbox 544 996 638 1053; x_wconf 81' lang='lat' dir='ltr'>typum</span> <span class='ocrx_word' id='word_1_68' title='bbox 656 981 770 1047; x_wconf 76' lang='lat' dir='ltr'>uidisse,</span> <span class='ocrx_word' id='word_1_69' title='bbox 796 978 867 1034; x_wconf 87' lang='lat' dir='ltr'>unde</span> <span class='ocrx_word' id='word_1_70' title='bbox 886 981 967 1035; x_wconf 90' lang='lat' dir='ltr'>nobis</span> <span class='ocrx_word' id='word_1_71' title='bbox 990 981 1054 1038; x_wconf 82' lang='lat' dir='ltr'>hdes</span> <span class='ocrx_word' id='word_1_72' title='bbox 1075 983 1124 1038; x_wconf 81' lang='lat' dir='ltr'>iti</span> <span class='ocrx_word' id='word_1_73' title='bbox 1160 984 1264 1037; x_wconf 86' lang='lat' dir='ltr'>Eodem</span> <span class='ocrx_word' id='word_1_74' title='bbox 1288 991 1363 1053; x_wconf 89' lang='lat' dir='ltr'>iure,</span> 
     </span>
     <span class='ocr_line' id='line_1_10' title="bbox 129 1071 1363 1154; baseline -0.002 -27"><span class='ocrx_word' id='word_1_75' title='bbox 129 1091 178 1127; x_wconf 89' lang='lat' dir='ltr'>seu</span> <span class='ocrx_word' id='word_1_76' title='bbox 200 1079 302 1127; x_wconf 78' lang='lat' dir='ltr'>iniuria</span> <span class='ocrx_word' id='word_1_77' title='bbox 321 1078 427 1147; x_wconf 78' lang='lat' dir='ltr'>polius,</span> <span class='ocrx_word' id='word_1_78' title='bbox 458 1090 636 1127; x_wconf 83' lang='lat' dir='ltr'>sexcentenas</span> <span class='ocrx_word' id='word_1_79' title='bbox 656 1071 776 1145; x_wconf 79' lang='lat' dir='ltr'>lapides,</span> <span class='ocrx_word' id='word_1_80' title='bbox 808 1091 843 1126; x_wconf 87' lang='lat' dir='ltr'>ne</span> <span class='ocrx_word' id='word_1_81' title='bbox 862 1079 1005 1128; x_wconf 89' lang='lat' dir='ltr'>minimum</span> <span class='ocrx_word' id='word_1_82' title='bbox 1023 1076 1133 1148; x_wconf 88' lang='lat' dir='ltr'>quidem</span> <span class='ocrx_word' id='word_1_83' title='bbox 1153 1079 1277 1141; x_wconf 67' lang='grc' dir='ltr'>νοθείας</span> <span class='ocrx_word' id='word_1_84' title='bbox 1293 1099 1363 1154; x_wconf 74' lang='lat'>’‘9“</span> 
     </span>
     <span class='ocr_line' id='line_1_11' title="bbox 127 1154 1361 1248; baseline 0.005 -29"><span class='ocrx_word' id='word_1_85' title='bbox 127 1165 235 1242; x_wconf 67' lang='lat' dir='ltr'>eripior</span> <span class='ocrx_word' id='word_1_86' title='bbox 254 1165 287 1219; x_wconf 90' lang='lat' dir='ltr'>de</span> <span class='ocrx_word' id='word_1_87' title='bbox 303 1184 332 1220; x_wconf 91' lang='lat' dir='ltr'>se</span> <span class='ocrx_word' id='word_1_88' title='bbox 351 1167 514 1241; x_wconf 89' lang='lat' dir='ltr'>prodentes,</span> <span class='ocrx_word' id='word_1_89' title='bbox 541 1166 629 1220; x_wconf 90' lang='lat' dir='ltr'>multo</span> <span class='ocrx_word' id='word_1_90' title='bbox 648 1171 739 1220; x_wconf 91' lang='lat' dir='ltr'>minus</span> <span class='ocrx_word' id='word_1_91' title='bbox 766 1171 796 1220; x_wconf 88' lang='lat' dir='ltr'>lu</span> <span class='ocrx_word' id='word_1_92' title='bbox 819 1183 848 1221; x_wconf 87' lang='lat' dir='ltr'>se</span> <span class='ocrx_word' id='word_1_93' title='bbox 873 1154 1022 1238; x_wconf 62' lang='lat' dir='ltr'>habcntes,</span> <span class='ocrx_word' id='word_1_94' title='bbox 1050 1188 1082 1223; x_wconf 84' lang='lat' dir='ltr'>ex</span> <span class='ocrx_word' id='word_1_95' title='bbox 1099 1171 1231 1248; x_wconf 63' lang='lat' dir='ltr'>perpulsus</span> <span class='ocrx_word' id='word_1_96' title='bbox 1246 1190 1361 1225; x_wconf 90' lang='lat' dir='ltr'>numero</span> 
     </span>
     <span class='ocr_line' id='line_1_12' title="bbox 126 1277 322 1335; baseline 0 -23"><span class='ocrx_word' id='word_1_97' title='bbox 126 1277 322 1335; x_wconf 76' lang='lat' dir='ltr'>expungemus.</span> 
     </span>
    </p>

    <p class='ocr_par' dir='ltr' id='par_1_6' title="bbox 565 1355 844 1426">
     <span class='ocr_line' id='line_1_13' title="bbox 565 1355 844 1426; baseline 0 -19"><span class='ocrx_word' id='word_1_98' title='bbox 565 1403 567 1407; x_wconf 79' lang='grc'>,</span> <span class='ocrx_word' id='word_1_99' title='bbox 643 1355 708 1426; x_wconf 70' lang='lat' dir='ltr'>ling.</span> <span class='ocrx_word' id='word_1_100' title='bbox 726 1355 796 1418; x_wconf 67' lang='lat'><strong>147.</strong></span> <span class='ocrx_word' id='word_1_101' title='bbox 817 1358 844 1408; x_wconf 81' lang='lat'><strong>2.</strong></span> 
     </span>
    </p>

    <p class='ocr_par' dir='ltr' id='par_1_7' title="bbox 122 1454 1359 1811">
     <span class='ocr_line' id='line_1_14' title="bbox 201 1454 1359 1538; baseline 0.009 -25"><span class='ocrx_word' id='word_1_102' title='bbox 201 1464 424 1520; x_wconf 77' lang='lat' dir='ltr'>leill‘OlilO</span> <span class='ocrx_word' id='word_1_103' title='bbox 446 1468 533 1531; x_wconf 81' lang='lat'><strong>1251,</strong></span> <span class='ocrx_word' id='word_1_104' title='bbox 556 1472 581 1524; x_wconf 90' lang='lat'>8.</span> <span class='ocrx_word' id='word_1_105' title='bbox 601 1482 633 1516; x_wconf 90' lang='lat' dir='ltr'>ex</span> <span class='ocrx_word' id='word_1_106' title='bbox 652 1465 701 1518; x_wconf 84' lang='lat' dir='ltr'>TE</span> <span class='ocrx_word' id='word_1_107' title='bbox 720 1464 796 1518; x_wconf 90' lang='lat' dir='ltr'>danti</span> <span class='ocrx_word' id='word_1_108' title='bbox 817 1454 847 1519; x_wconf 54' lang='lat' dir='ltr'>et&#39;</span> <span class='ocrx_word' id='word_1_109' title='bbox 862 1464 925 1518; x_wconf 89' lang='lat' dir='ltr'>heic</span> <span class='ocrx_word' id='word_1_110' title='bbox 942 1469 1041 1538; x_wconf 88' lang='lat' dir='ltr'>parcis.</span> <span class='ocrx_word' id='word_1_111' title='bbox 1080 1467 1183 1538; x_wconf 84' lang='lat' dir='ltr'>Repeto</span> <span class='ocrx_word' id='word_1_112' title='bbox 1200 1483 1292 1521; x_wconf 78' lang='lat' dir='ltr'>verca</span> <span class='ocrx_word' id='word_1_113' title='bbox 1310 1470 1359 1524; x_wconf 80' lang='lat' dir='ltr'>TE</span> 
     </span>
     <span class='ocr_line' id='line_1_15' title="bbox 125 1556 1358 1633; baseline 0.004 -24"><span class='ocrx_word' id='word_1_114' title='bbox 125 1556 160 1610; x_wconf 84' lang='lat' dir='ltr'>ad</span> <span class='ocrx_word' id='word_1_115' title='bbox 179 1563 248 1625; x_wconf 78' lang='lat'>1&#39;17,</span> <span class='ocrx_word' id='word_1_116' title='bbox 268 1567 295 1615; x_wconf 82' lang='lat'><strong>1.</strong></span> <span class='ocrx_word' id='word_1_117' title='bbox 315 1557 407 1611; x_wconf 86' lang='lat' dir='ltr'>dicta:</span> <span class='ocrx_word' id='word_1_118' title='bbox 426 1559 526 1610; x_wconf 84' lang='lat' dir='ltr'>Novus</span> <span class='ocrx_word' id='word_1_119' title='bbox 543 1556 702 1608; x_wconf 76' lang='lat' dir='ltr'>Thesaurus</span> <span class='ocrx_word' id='word_1_120' title='bbox 722 1557 833 1628; x_wconf 61' lang='lat' dir='ltr'>resserre</span> <span class='ocrx_word' id='word_1_121' title='bbox 849 1559 937 1608; x_wconf 78' lang='lat' dir='ltr'>verba</span> <span class='ocrx_word' id='word_1_122' title='bbox 956 1563 1026 1608; x_wconf 81' lang='lat' dir='ltr'>settis</span> <span class='ocrx_word' id='word_1_123' title='bbox 1041 1556 1153 1623; x_wconf 73' lang='lat' dir='ltr'>haberit,</span> <span class='ocrx_word' id='word_1_124' title='bbox 1179 1562 1230 1612; x_wconf 85' lang='lat' dir='ltr'>sed</span> <span class='ocrx_word' id='word_1_125' title='bbox 1245 1581 1279 1613; x_wconf 85' lang='lat' dir='ltr'>ca</span> <span class='ocrx_word' id='word_1_126' title='bbox 1297 1569 1358 1633; x_wconf 79' lang='lat' dir='ltr'>ipsa</span> 
     </span>
     <span class='ocr_line' id='line_1_16' title="bbox 123 1647 1358 1727; baseline 0.006 -25"><span class='ocrx_word' id='word_1_127' title='bbox 123 1670 297 1723; x_wconf 79' lang='lat' dir='ltr'>tteqttaquam</span> <span class='ocrx_word' id='word_1_128' title='bbox 320 1651 460 1723; x_wconf 79' lang='lat' dir='ltr'>feliciter.</span> <span class='ocrx_word' id='word_1_129' title='bbox 499 1647 572 1720; x_wconf 87' lang='lat' dir='ltr'>Quid</span> <span class='ocrx_word' id='word_1_130' title='bbox 599 1652 693 1703; x_wconf 79' lang='lat' dir='ltr'>enirn?</span> <span class='ocrx_word' id='word_1_131' title='bbox 728 1651 926 1704; x_wconf 81' lang='lat' dir='ltr'>CARISSIME</span> <span class='ocrx_word' id='word_1_132' title='bbox 955 1669 1047 1704; x_wconf 83' lang='lat' dir='ltr'>versus</span> <span class='ocrx_word' id='word_1_133' title='bbox 1079 1652 1170 1705; x_wconf 86' lang='lat' dir='ltr'>ultimi</span> <span class='ocrx_word' id='word_1_134' title='bbox 1199 1674 1248 1727; x_wconf 86' lang='lat' dir='ltr'>pro</span> <span class='ocrx_word' id='word_1_135' title='bbox 1273 1658 1358 1710; x_wconf 78' lang='lat' dir='ltr'>Plis-</span> 
     </span>
     <span class='ocr_line' id='line_1_17' title="bbox 122 1742 1357 1811; baseline 0.004 -14"><span class='ocrx_word' id='word_1_136' title='bbox 122 1745 217 1797; x_wconf 84' lang='lat' dir='ltr'>SIME</span> <span class='ocrx_word' id='word_1_137' title='bbox 240 1761 270 1798; x_wconf 91' lang='lat' dir='ltr'>ut</span> <span class='ocrx_word' id='word_1_138' title='bbox 293 1742 480 1811; x_wconf 89' lang='lat' dir='ltr'>condonetur,</span> <span class='ocrx_word' id='word_1_139' title='bbox 514 1744 608 1796; x_wconf 82' lang='lat' dir='ltr'>uersus&#39;</span> <span class='ocrx_word' id='word_1_140' title='bbox 626 1749 700 1796; x_wconf 89' lang='lat' dir='ltr'>tertii</span> <span class='ocrx_word' id='word_1_141' title='bbox 723 1749 922 1796; x_wconf 85' lang='lat' dir='ltr'>connexionem</span> <span class='ocrx_word' id='word_1_142' title='bbox 943 1747 1040 1801; x_wconf 67' lang='lat' dir='ltr'>1.qu</span> <span class='ocrx_word' id='word_1_143' title='bbox 1057 1761 1083 1798; x_wconf 89' lang='lat' dir='ltr'>et</span> <span class='ocrx_word' id='word_1_144' title='bbox 1104 1748 1126 1798; x_wconf 93' lang='lat' dir='ltr'>L</span> <span class='ocrx_word' id='word_1_145' title='bbox 1145 1762 1207 1799; x_wconf 88' lang='lat' dir='ltr'>ante</span> <span class='ocrx_word' id='word_1_146' title='bbox 1229 1749 1357 1802; x_wconf 78' lang='lat' dir='ltr'>lacunam</span> 
     </span>
    </p>

    <p class='ocr_par' dir='ltr' id='par_1_8' title="bbox 78 1813 1355 2003">
     <span class='ocr_line' id='line_1_18' title="bbox 78 1813 1355 1912; baseline 0.005 -22"><span class='ocrx_word' id='word_1_147' title='bbox 78 1900 87 1909; x_wconf 85' lang='lat'><strong>.</strong></span> <span class='ocrx_word' id='word_1_148' title='bbox 120 1836 193 1890; x_wconf 78' lang='lat' dir='ltr'>adeo</span> <span class='ocrx_word' id='word_1_149' title='bbox 216 1855 271 1890; x_wconf 90' lang='lat' dir='ltr'>non</span> <span class='ocrx_word' id='word_1_150' title='bbox 290 1835 423 1909; x_wconf 79' lang='lat' dir='ltr'>pervidit,</span> <span class='ocrx_word' id='word_1_151' title='bbox 443 1853 472 1889; x_wconf 88' lang='lat' dir='ltr'>ut</span> <span class='ocrx_word' id='word_1_152' title='bbox 492 1838 605 1890; x_wconf 72' lang='lat' dir='ltr'>Mitte.</span> <span class='ocrx_word' id='word_1_153' title='bbox 625 1837 711 1891; x_wconf 80' lang='lat' dir='ltr'><strong>ET..</strong></span> <span class='ocrx_word' id='word_1_154' title='bbox 730 1813 804 1892; x_wconf 54' lang='grc'>..’.</span> <span class='ocrx_word' id='word_1_155' title='bbox 829 1836 909 1889; x_wconf 89' lang='lat' dir='ltr'>nobis</span> <span class='ocrx_word' id='word_1_156' title='bbox 929 1837 1050 1904; x_wconf 87' lang='lat' dir='ltr'>linxerit,</span> <span class='ocrx_word' id='word_1_157' title='bbox 1078 1858 1128 1912; x_wconf 88' lang='lat' dir='ltr'>pro</span> <span class='ocrx_word' id='word_1_158' title='bbox 1144 1843 1355 1898; x_wconf 53' lang='lat' dir='ltr'>uillicum...</span> 
     </span>
     <span class='ocr_line' id='line_1_19' title="bbox 118 1928 1355 2003; baseline 0.005 -19"><span class='ocrx_word' id='word_1_159' title='bbox 118 1935 142 1984; x_wconf 88' lang='lat' dir='ltr'>i.</span> <span class='ocrx_word' id='word_1_160' title='bbox 165 1931 423 1995; x_wconf 63' lang='lat' dir='ltr'>clunaculum,</span> <span class='ocrx_word' id='word_1_161' title='bbox 449 1945 480 1982; x_wconf 85' lang='lat' dir='ltr'>ut</span> <span class='ocrx_word' id='word_1_162' title='bbox 498 1928 625 1983; x_wconf 85' lang='lat' dir='ltr'>lacunam</span> <span class='ocrx_word' id='word_1_163' title='bbox 644 1933 673 1982; x_wconf 89' lang='lat' dir='ltr'>in</span> <span class='ocrx_word' id='word_1_164' title='bbox 689 1930 758 1984; x_wconf 79' lang='lat' dir='ltr'>Ver.</span> <span class='ocrx_word' id='word_1_165' title='bbox 774 1930 881 1983; x_wconf 77' lang='lat' dir='ltr'>illustr.</span> <span class='ocrx_word' id='word_1_166' title='bbox 899 1931 971 1983; x_wconf 89' lang='lat' dir='ltr'>Insc.</span> <span class='ocrx_word' id='word_1_167' title='bbox 991 1950 1019 1985; x_wconf 90' lang='lat' dir='ltr'>n.</span> <span class='ocrx_word' id='word_1_168' title='bbox 1042 1936 1069 1991; x_wconf 88' lang='lat'>6.</span> <span class='ocrx_word' id='word_1_169' title='bbox 1089 1950 1216 2003; x_wconf 88' lang='lat' dir='ltr'>vacuam,</span> <span class='ocrx_word' id='word_1_170' title='bbox 1243 1937 1304 1989; x_wconf 83' lang='lat' dir='ltr'>heic</span> <span class='ocrx_word' id='word_1_171' title='bbox 1326 1941 1355 1990; x_wconf 90' lang='lat' dir='ltr'>ln</span> 
     </span>
    </p>
   </div>
   <div class='ocr_carea' id='block_1_4' title="bbox 115 2021 921 2180">
    <p class='ocr_par' dir='ltr' id='par_1_9' title="bbox 115 2021 921 2180">
     <span class='ocr_line' id='line_1_20' title="bbox 115 2021 500 2098; baseline 0.005 -24"><span class='ocrx_word' id='word_1_172' title='bbox 115 2024 223 2076; x_wconf 83' lang='lat' dir='ltr'>Museo</span> <span class='ocrx_word' id='word_1_173' title='bbox 241 2027 329 2098; x_wconf 77' lang='lat' dir='ltr'>perite</span> <span class='ocrx_word' id='word_1_174' title='bbox 348 2021 500 2097; x_wconf 79' lang='lat' dir='ltr'>expletistl.</span> 
     </span>
     <span class='ocr_line' id='line_1_21' title="bbox 551 2116 921 2180; baseline 0.005 -10"><span class='ocrx_word' id='word_1_175' title='bbox 551 2116 593 2170; x_wconf 95' lang='lat' dir='ltr'><strong>M.</strong></span> <span class='ocrx_word' id='word_1_176' title='bbox 611 2117 782 2169; x_wconf 86' lang='lat' dir='ltr'>Concenetus</span> <span class='ocrx_word' id='word_1_177' title='bbox 804 2116 870 2180; x_wconf 73' lang='lat' dir='ltr'>sir,</span> <span class='ocrx_word' id='word_1_178' title='bbox 893 2120 921 2170; x_wconf 89' lang='grc'>2.</span> 
     </span>
    </p>
   </div>
   <div class='ocr_carea' id='block_1_5' title="bbox 114 2224 1151 2303">
    <p class='ocr_par' dir='ltr' id='par_1_10' title="bbox 114 2224 1151 2303">
     <span class='ocr_line' id='line_1_22' title="bbox 114 2224 1151 2303; baseline 0.002 -22"><span class='ocrx_word' id='word_1_179' title='bbox 114 2232 149 2281; x_wconf 89' lang='lat' dir='ltr'>in</span> <span class='ocrx_word' id='word_1_180' title='bbox 171 2224 263 2281; x_wconf 87' lang='lat' dir='ltr'>indice</span> <span class='ocrx_word' id='word_1_181' title='bbox 280 2226 357 2282; x_wconf 76' lang='lat' dir='ltr'>Tuo</span> <span class='ocrx_word' id='word_1_182' title='bbox 376 2242 437 2299; x_wconf 79' lang='lat' dir='ltr'>pag.</span> <span class='ocrx_word' id='word_1_183' title='bbox 457 2230 521 2284; x_wconf 81' lang='lat'><strong>505.</strong></span> <span class='ocrx_word' id='word_1_184' title='bbox 544 2226 597 2281; x_wconf 91' lang='lat' dir='ltr'>col.</span> <span class='ocrx_word' id='word_1_185' title='bbox 619 2243 643 2279; x_wconf 91' lang='lat' dir='ltr'>a.</span> <span class='ocrx_word' id='word_1_186' title='bbox 661 2225 759 2279; x_wconf 87' lang='lat' dir='ltr'>relatus</span> <span class='ocrx_word' id='word_1_187' title='bbox 779 2241 834 2278; x_wconf 89' lang='lat' dir='ltr'>est:</span> <span class='ocrx_word' id='word_1_188' title='bbox 853 2231 1048 2299; x_wconf 83' lang='lat' dir='ltr'>praestitisset,</span> <span class='ocrx_word' id='word_1_189' title='bbox 1068 2246 1151 2303; x_wconf 88' lang='lat' dir='ltr'>puto,</span> 
     </span>
    </p>
   </div>
   <div class='ocr_carea' id='block_1_6' title="bbox 110 2337 1352 2876">
    <p class='ocr_par' dir='ltr' id='par_1_11' title="bbox 453 2337 1027 2404">
     <span class='ocr_line' id='line_1_23' title="bbox 453 2337 1027 2404; baseline 0.007 -13"><span class='ocrx_word' id='word_1_190' title='bbox 453 2339 494 2391; x_wconf 88' lang='lat' dir='ltr'>M.</span> <span class='ocrx_word' id='word_1_191' title='bbox 514 2338 696 2390; x_wconf 87' lang='lat' dir='ltr'>Concenetius</span> <span class='ocrx_word' id='word_1_192' title='bbox 717 2337 894 2392; x_wconf 79' lang='lat' dir='ltr'>Marcellinus</span> <span class='ocrx_word' id='word_1_193' title='bbox 914 2341 981 2404; x_wconf 76' lang='lat'>1117,</span> <span class='ocrx_word' id='word_1_194' title='bbox 1001 2346 1027 2394; x_wconf 83' lang='lat'><strong>2.</strong></span> 
     </span>
    </p>

    <p class='ocr_par' dir='ltr' id='par_1_12' title="bbox 110 2431 1352 2782">
     <span class='ocr_line' id='line_1_24' title="bbox 196 2431 1352 2507; baseline 0.006 -23"><span class='ocrx_word' id='word_1_195' title='bbox 196 2433 251 2486; x_wconf 88' lang='lat' dir='ltr'>Cur</span> <span class='ocrx_word' id='word_1_196' title='bbox 271 2436 344 2483; x_wconf 88' lang='lat' dir='ltr'>enim</span> <span class='ocrx_word' id='word_1_197' title='bbox 361 2431 480 2483; x_wconf 87' lang='lat' dir='ltr'>hominis</span> <span class='ocrx_word' id='word_1_198' title='bbox 501 2447 650 2500; x_wconf 80' lang='lat' dir='ltr'>cognomen</span> <span class='ocrx_word' id='word_1_199' title='bbox 670 2433 749 2482; x_wconf 83' lang='lat' dir='ltr'>nohis</span> <span class='ocrx_word' id='word_1_200' title='bbox 769 2431 933 2483; x_wconf 75' lang='lat' dir='ltr'>subtraxeris</span> <span class='ocrx_word' id='word_1_201' title='bbox 952 2451 1008 2485; x_wconf 90' lang='lat' dir='ltr'>non</span> <span class='ocrx_word' id='word_1_202' title='bbox 1024 2439 1159 2505; x_wconf 83' lang='lat' dir='ltr'>excogito.</span> <span class='ocrx_word' id='word_1_203' title='bbox 1193 2435 1352 2507; x_wconf 76' lang='lat' dir='ltr'>cognomen</span> 
     </span>
     <span class='ocr_line' id='line_1_25' title="bbox 110 2522 1352 2597; baseline 0.005 -20"><span class='ocrx_word' id='word_1_204' title='bbox 110 2524 303 2577; x_wconf 83' lang='lat' dir='ltr'>Marcellinus</span> <span class='ocrx_word' id='word_1_205' title='bbox 324 2529 347 2576; x_wconf 90' lang='lat' dir='ltr'>si</span> <span class='ocrx_word' id='word_1_206' title='bbox 365 2523 552 2597; x_wconf 85' lang='lat' dir='ltr'>adposuisses,</span> <span class='ocrx_word' id='word_1_207' title='bbox 571 2522 641 2576; x_wconf 85' lang='lat' dir='ltr'>lorte</span> <span class='ocrx_word' id='word_1_208' title='bbox 661 2540 687 2576; x_wconf 90' lang='lat' dir='ltr'>et</span> <span class='ocrx_word' id='word_1_209' title='bbox 707 2525 888 2576; x_wconf 81' lang='lat' dir='ltr'>Coneenetius</span> <span class='ocrx_word' id='word_1_210' title='bbox 905 2523 1041 2592; x_wconf 79' lang='lat' dir='ltr'>dedisses,</span> <span class='ocrx_word' id='word_1_211' title='bbox 1061 2546 1094 2579; x_wconf 89' lang='lat' dir='ltr'>ne</span> <span class='ocrx_word' id='word_1_212' title='bbox 1111 2534 1169 2581; x_wconf 86' lang='lat' dir='ltr'>siue</span> <span class='ocrx_word' id='word_1_213' title='bbox 1188 2546 1290 2593; x_wconf 80' lang='lat' dir='ltr'>caussa,</span> <span class='ocrx_word' id='word_1_214' title='bbox 1302 2551 1352 2583; x_wconf 91' lang='lat' dir='ltr'>no-</span> 
     </span>
     <span class='ocr_line' id='line_1_26' title="bbox 111 2618 1349 2693; baseline 0.005 -23"><span class='ocrx_word' id='word_1_215' title='bbox 111 2636 182 2670; x_wconf 84' lang='lat' dir='ltr'>men</span> <span class='ocrx_word' id='word_1_216' title='bbox 209 2619 377 2689; x_wconf 75' lang='lat' dir='ltr'>gentilitium</span> <span class='ocrx_word' id='word_1_217' title='bbox 401 2635 458 2669; x_wconf 87' lang='lat' dir='ltr'>noa</span> <span class='ocrx_word' id='word_1_218' title='bbox 477 2622 506 2669; x_wconf 90' lang='lat' dir='ltr'>in</span> <span class='ocrx_word' id='word_1_219' title='bbox 527 2618 583 2669; x_wconf 90' lang='lat' dir='ltr'>IVS</span> <span class='ocrx_word' id='word_1_220' title='bbox 605 2622 805 2671; x_wconf 83' lang='lat' dir='ltr'>terminaretur.</span> <span class='ocrx_word' id='word_1_221' title='bbox 841 2619 947 2669; x_wconf 87' lang='lat' dir='ltr'>lenim</span> <span class='ocrx_word' id='word_1_222' title='bbox 970 2619 1046 2670; x_wconf 83' lang='lat' dir='ltr'>finale</span> <span class='ocrx_word' id='word_1_223' title='bbox 1064 2627 1177 2690; x_wconf 75' lang='lat' dir='ltr'>genitivi</span> <span class='ocrx_word' id='word_1_224' title='bbox 1199 2641 1248 2693; x_wconf 84' lang='lat' dir='ltr'>pro</span> <span class='ocrx_word' id='word_1_225' title='bbox 1271 2625 1298 2676; x_wconf 95' lang='lat' dir='ltr'>ll</span> <span class='ocrx_word' id='word_1_226' title='bbox 1316 2622 1349 2676; x_wconf 87' lang='lat' dir='ltr'>de</span> 
     </span>
     <span class='ocr_line' id='line_1_27' title="bbox 111 2710 1197 2782; baseline 0.005 -19"><span class='ocrx_word' id='word_1_227' title='bbox 111 2729 196 2764; x_wconf 87' lang='lat' dir='ltr'>more</span> <span class='ocrx_word' id='word_1_228' title='bbox 215 2715 367 2782; x_wconf 85' lang='lat' dir='ltr'>accipitur,</span> <span class='ocrx_word' id='word_1_229' title='bbox 389 2725 418 2763; x_wconf 92' lang='lat' dir='ltr'>ut</span> <span class='ocrx_word' id='word_1_230' title='bbox 437 2730 462 2765; x_wconf 82' lang='lat' dir='ltr'><strong>v.</strong></span> <span class='ocrx_word' id='word_1_231' title='bbox 481 2715 507 2767; x_wconf 86' lang='lat'><strong>5.</strong></span> <span class='ocrx_word' id='word_1_232' title='bbox 530 2710 737 2764; x_wconf 80' lang='lat' dir='ltr'>PA&#39;llilthNl</span> <span class='ocrx_word' id='word_1_233' title='bbox 757 2715 874 2762; x_wconf 88' lang='lat' dir='ltr'>incisum</span> <span class='ocrx_word' id='word_1_234' title='bbox 895 2729 944 2781; x_wconf 89' lang='lat' dir='ltr'>pro</span> <span class='ocrx_word' id='word_1_235' title='bbox 964 2713 1197 2769; x_wconf 73' lang='lat' dir='ltr'>l‘il&#39;IlilMOh&#39;li.</span> 
     </span>
    </p>

    <p class='ocr_par' dir='ltr' id='par_1_13' title="bbox 191 2801 1347 2876">
     <span class='ocr_line' id='line_1_28' title="bbox 191 2801 1347 2876; baseline 0.006 -19"><span class='ocrx_word' id='word_1_236' title='bbox 191 2802 233 2857; x_wconf 77' lang='lat' dir='ltr'>Ad</span> <span class='ocrx_word' id='word_1_237' title='bbox 251 2801 366 2856; x_wconf 87' lang='lat' dir='ltr'>eundem</span> <span class='ocrx_word' id='word_1_238' title='bbox 385 2801 505 2876; x_wconf 86' lang='lat' dir='ltr'>lapidem</span> <span class='ocrx_word' id='word_1_239' title='bbox 523 2803 636 2857; x_wconf 85' lang='lat' dir='ltr'>offendit</span> <span class='ocrx_word' id='word_1_240' title='bbox 657 2803 844 2869; x_wconf 83' lang='lat' dir='ltr'>Muratorius,</span> <span class='ocrx_word' id='word_1_241' title='bbox 870 2809 916 2876; x_wconf 92' lang='lat' dir='ltr'>qui</span> <span class='ocrx_word' id='word_1_242' title='bbox 934 2810 991 2858; x_wconf 82' lang='lat' dir='ltr'>saxi</span> <span class='ocrx_word' id='word_1_243' title='bbox 1009 2807 1072 2861; x_wconf 76' lang='lat' dir='ltr'>&#39;iil</span> <span class='ocrx_word' id='word_1_244' title='bbox 1090 2811 1119 2861; x_wconf 85' lang='lat' dir='ltr'>in</span> <span class='ocrx_word' id='word_1_245' title='bbox 1134 2807 1272 2863; x_wconf 87' lang='lat' dir='ltr'>iudicibus</span> <span class='ocrx_word' id='word_1_246' title='bbox 1290 2815 1347 2864; x_wconf 88' lang='lat' dir='ltr'>suis</span> 
     </span>
    </p>
   </div>
   <div class='ocr_carea' id='block_1_7' title="bbox 109 2896 925 3055">
    <p class='ocr_par' dir='ltr' id='par_1_14' title="bbox 109 2896 925 3055">
     <span class='ocr_line' id='line_1_29' title="bbox 109 2896 446 2951; baseline 0.003 -2"><span class='ocrx_word' id='word_1_247' title='bbox 109 2896 157 2949; x_wconf 87' lang='lat' dir='ltr'>his</span> <span class='ocrx_word' id='word_1_248' title='bbox 179 2912 287 2950; x_wconf 85' lang='lat' dir='ltr'>tantum</span> <span class='ocrx_word' id='word_1_249' title='bbox 307 2901 446 2951; x_wconf 84' lang='lat' dir='ltr'>meminit:</span> 
     </span>
     <span class='ocr_line' id='line_1_30' title="bbox 529 2987 925 3055; baseline 0.005 -13"><span class='ocrx_word' id='word_1_250' title='bbox 529 2987 572 3043; x_wconf 88' lang='lat' dir='ltr'>M.</span> <span class='ocrx_word' id='word_1_251' title='bbox 591 2989 764 3042; x_wconf 82' lang='lat' dir='ltr'>eoaceuetur</span> <span class='ocrx_word' id='word_1_252' title='bbox 791 2991 879 3055; x_wconf 77' lang='lat'>12⁵1,</span> <span class='ocrx_word' id='word_1_253' title='bbox 898 2996 925 3048; x_wconf 87' lang='grc'>8.</span> 
     </span>
    </p>
   </div>
   <div class='ocr_carea' id='block_1_8' title="bbox 108 3097 829 3175">
    <p class='ocr_par' dir='ltr' id='par_1_15' title="bbox 108 3097 829 3175">
     <span class='ocr_line' id='line_1_31' title="bbox 108 3097 829 3175; baseline -0.001 -22"><span class='ocrx_word' id='word_1_254' title='bbox 108 3116 273 3175; x_wconf 80' lang='lat' dir='ltr'>praeterea,</span> <span class='ocrx_word' id='word_1_255' title='bbox 292 3097 366 3174; x_wconf 80' lang='lat' dir='ltr'>quod</span> <span class='ocrx_word' id='word_1_256' title='bbox 386 3100 434 3173; x_wconf 88' lang='lat' dir='ltr'>qui</span> <span class='ocrx_word' id='word_1_257' title='bbox 453 3104 479 3154; x_wconf 90' lang='lat' dir='ltr'>ei</span> <span class='ocrx_word' id='word_1_258' title='bbox 502 3098 652 3173; x_wconf 86' lang='lat' dir='ltr'>obrepserit</span> <span class='ocrx_word' id='word_1_259' title='bbox 675 3102 829 3152; x_wconf 86' lang='lat' dir='ltr'>nescimus:</span> 
     </span>
    </p>
   </div>
   <div class='ocr_carea' id='block_1_9' title="bbox 98 3206 1345 4593">
    <p class='ocr_par' dir='ltr' id='par_1_16' title="bbox 536 3206 1022 3275">
     <span class='ocr_line' id='line_1_32' title="bbox 536 3206 1022 3275; baseline -0.004 -10"><span class='ocrx_word' id='word_1_260' title='bbox 536 3212 577 3265; x_wconf 88' lang='lat' dir='ltr'>M.</span> <span class='ocrx_word' id='word_1_261' title='bbox 600 3211 754 3263; x_wconf 89' lang='lat' dir='ltr'>Cocenetus</span> <span class='ocrx_word' id='word_1_262' title='bbox 777 3214 863 3275; x_wconf 77' lang='lat'>1951,</span> <span class='ocrx_word' id='word_1_263' title='bbox 887 3218 913 3270; x_wconf 83' lang='lat'><strong>8.</strong></span> <span class='ocrx_word' id='word_1_264' title='bbox 1013 3206 1022 3227; x_wconf 83' lang='lat'><strong><em>‘</em></strong></span> 
     </span>
    </p>

    <p class='ocr_par' dir='ltr' id='par_1_17' title="bbox 108 3308 1345 3754">
     <span class='ocr_line' id='line_1_33' title="bbox 187 3308 1343 3382; baseline 0.005 -20"><span class='ocrx_word' id='word_1_265' title='bbox 187 3311 228 3363; x_wconf 91' lang='lat' dir='ltr'>De</span> <span class='ocrx_word' id='word_1_266' title='bbox 245 3329 271 3364; x_wconf 85' lang='lat' dir='ltr'><strong>v.</strong></span> <span class='ocrx_word' id='word_1_267' title='bbox 290 3312 318 3368; x_wconf 75' lang='lat' dir='ltr'>ii.</span> <span class='ocrx_word' id='word_1_268' title='bbox 337 3311 378 3364; x_wconf 87' lang='lat' dir='ltr'><strong>M.</strong></span> <span class='ocrx_word' id='word_1_269' title='bbox 397 3309 509 3364; x_wconf 81' lang='lat' dir='ltr'><strong>CONG.</strong></span> <span class='ocrx_word' id='word_1_270' title='bbox 528 3308 696 3362; x_wconf 70' lang='lat' dir='ltr'>lVS&#39;l&#39;thS</span> <span class='ocrx_word' id='word_1_271' title='bbox 712 3326 745 3358; x_wconf 87' lang='lat' dir='ltr'>ex</span> <span class='ocrx_word' id='word_1_272' title='bbox 764 3308 921 3360; x_wconf 87' lang='lat' dir='ltr'>Muratorio</span> <span class='ocrx_word' id='word_1_273' title='bbox 940 3308 1008 3361; x_wconf 81' lang='lat' dir='ltr'>nihil</span> <span class='ocrx_word' id='word_1_274' title='bbox 1028 3309 1215 3382; x_wconf 77' lang='lat' dir='ltr'>intelligimus.</span> <span class='ocrx_word' id='word_1_275' title='bbox 1256 3315 1343 3382; x_wconf 76' lang='lat' dir='ltr'>Tim,</span> 
     </span>
     <span class='ocr_line' id='line_1_34' title="bbox 109 3399 1345 3478; baseline -0.003 -21"><span class='ocrx_word' id='word_1_276' title='bbox 109 3419 142 3457; x_wconf 87' lang='lat' dir='ltr'>ut</span> <span class='ocrx_word' id='word_1_277' title='bbox 164 3421 198 3457; x_wconf 88' lang='lat' dir='ltr'>ex</span> <span class='ocrx_word' id='word_1_278' title='bbox 218 3404 338 3457; x_wconf 88' lang='lat' dir='ltr'>lectione</span> <span class='ocrx_word' id='word_1_279' title='bbox 355 3404 427 3456; x_wconf 77' lang='lat' dir='ltr'>Tva</span> <span class='ocrx_word' id='word_1_280' title='bbox 443 3402 575 3475; x_wconf 86' lang='lat' dir='ltr'>explicata</span> <span class='ocrx_word' id='word_1_281' title='bbox 592 3399 686 3466; x_wconf 82' lang='lat' dir='ltr'>uideo,</span> <span class='ocrx_word' id='word_1_282' title='bbox 713 3400 818 3471; x_wconf 85' lang='lat' dir='ltr'>placuit</span> <span class='ocrx_word' id='word_1_283' title='bbox 836 3401 880 3454; x_wconf 89' lang='lat' dir='ltr'><strong>M.</strong></span> <span class='ocrx_word' id='word_1_284' title='bbox 898 3402 1020 3469; x_wconf 77' lang='lat' dir='ltr'>Congius</span> <span class='ocrx_word' id='word_1_285' title='bbox 1032 3404 1170 3469; x_wconf 80' lang='lat' dir='ltr'>Iustinus,</span> <span class='ocrx_word' id='word_1_286' title='bbox 1190 3407 1261 3478; x_wconf 87' lang='lat' dir='ltr'>quod</span> <span class='ocrx_word' id='word_1_287' title='bbox 1275 3428 1345 3461; x_wconf 88' lang='lat' dir='ltr'>noa.</span> 
     </span>
     <span class='ocr_line' id='line_1_35' title="bbox 110 3491 1344 3573; baseline 0.003 -23"><span class='ocrx_word' id='word_1_288' title='bbox 110 3496 184 3550; x_wconf 87' lang='lat' dir='ltr'>nihil</span> <span class='ocrx_word' id='word_1_289' title='bbox 207 3502 301 3552; x_wconf 88' lang='lat' dir='ltr'>miror.</span> <span class='ocrx_word' id='word_1_290' title='bbox 343 3500 374 3550; x_wconf 90' lang='lat' dir='ltr'>ln</span> <span class='ocrx_word' id='word_1_291' title='bbox 397 3500 594 3568; x_wconf 87' lang='lat' dir='ltr'>permutatione</span> <span class='ocrx_word' id='word_1_292' title='bbox 623 3498 696 3546; x_wconf 91' lang='lat' dir='ltr'>enim</span> <span class='ocrx_word' id='word_1_293' title='bbox 721 3491 892 3546; x_wconf 87' lang='lat' dir='ltr'>literularum</span> <span class='ocrx_word' id='word_1_294' title='bbox 913 3495 935 3547; x_wconf 91' lang='lat' dir='ltr'>C</span> <span class='ocrx_word' id='word_1_295' title='bbox 957 3510 984 3547; x_wconf 88' lang='lat' dir='ltr'>et</span> <span class='ocrx_word' id='word_1_296' title='bbox 1008 3495 1032 3548; x_wconf 88' lang='lat' dir='ltr'>G</span> <span class='ocrx_word' id='word_1_297' title='bbox 1054 3511 1093 3550; x_wconf 91' lang='lat' dir='ltr'>tot</span> <span class='ocrx_word' id='word_1_298' title='bbox 1113 3501 1258 3571; x_wconf 79' lang='lat' dir='ltr'>exetsrplis,</span> <span class='ocrx_word' id='word_1_299' title='bbox 1277 3519 1344 3573; x_wconf 88' lang='lat' dir='ltr'>quot</span> 
     </span>
     <span class='ocr_line' id='line_1_36' title="bbox 109 3587 1344 3665; baseline 0.003 -22"><span class='ocrx_word' id='word_1_300' title='bbox 109 3590 165 3643; x_wconf 88' lang='lat' dir='ltr'>alia</span> <span class='ocrx_word' id='word_1_301' title='bbox 180 3590 263 3654; x_wconf 82' lang='lat' dir='ltr'>nulla,</span> <span class='ocrx_word' id='word_1_302' title='bbox 284 3594 461 3663; x_wconf 80' lang='lat' dir='ltr'>testatissima</span> <span class='ocrx_word' id='word_1_303' title='bbox 480 3588 689 3642; x_wconf 71' lang='lat' dir='ltr'>lONGeuetius</span> <span class='ocrx_word' id='word_1_304' title='bbox 708 3587 819 3658; x_wconf 81' lang='lat' dir='ltr'>pulchre</span> <span class='ocrx_word' id='word_1_305' title='bbox 838 3587 985 3659; x_wconf 84' lang='lat' dir='ltr'>procedere</span> <span class='ocrx_word' id='word_1_306' title='bbox 1002 3587 1116 3656; x_wconf 82' lang='lat' dir='ltr'>uidetur,</span> <span class='ocrx_word' id='word_1_307' title='bbox 1136 3597 1261 3665; x_wconf 80' lang='lat' dir='ltr'>iuvatque</span> <span class='ocrx_word' id='word_1_308' title='bbox 1275 3613 1344 3648; x_wconf 89' lang='lat' dir='ltr'>non-</span> 
     </span>
     <span class='ocr_line' id='line_1_37' title="bbox 108 3680 1342 3754; baseline 0.007 -18"><span class='ocrx_word' id='word_1_309' title='bbox 108 3683 197 3748; x_wconf 82' lang='lat' dir='ltr'>nihil,</span> <span class='ocrx_word' id='word_1_310' title='bbox 215 3688 244 3735; x_wconf 85' lang='lat' dir='ltr'>iu</span> <span class='ocrx_word' id='word_1_311' title='bbox 259 3697 437 3734; x_wconf 87' lang='lat' dir='ltr'>monumento</span> <span class='ocrx_word' id='word_1_312' title='bbox 457 3681 566 3753; x_wconf 79' lang='lat' dir='ltr'>paruulo</span> <span class='ocrx_word' id='word_1_313' title='bbox 584 3685 715 3732; x_wconf 86' lang='lat' dir='ltr'>memoria</span> <span class='ocrx_word' id='word_1_314' title='bbox 729 3680 1006 3733; x_wconf 60' lang='lat' dir='ltr'>concinium.</span> <span class='ocrx_word' id='word_1_315' title='bbox 1025 3682 1097 3754; x_wconf 81' lang='lat' dir='ltr'>apud</span> <span class='ocrx_word' id='word_1_316' title='bbox 1113 3685 1187 3738; x_wconf 87' lang='lat' dir='ltr'>Mur.</span> <span class='ocrx_word' id='word_1_317' title='bbox 1203 3693 1283 3752; x_wconf 71' lang='lat'><strong>1778.</strong></span> <span class='ocrx_word' id='word_1_318' title='bbox 1297 3695 1342 3745; x_wconf 79' lang='lat'><strong>12.</strong></span> 
     </span>
    </p>

    <p class='ocr_par' dir='ltr' id='par_1_18' title="bbox 98 3766 1342 4593">
     <span class='ocr_line' id='line_1_38' title="bbox 184 3766 1342 3847; baseline -0.003 -18"><span class='ocrx_word' id='word_1_319' title='bbox 184 3779 235 3830; x_wconf 87' lang='lat' dir='ltr'>l&#39;er</span> <span class='ocrx_word' id='word_1_320' title='bbox 251 3777 320 3829; x_wconf 89' lang='lat' dir='ltr'>mihi</span> <span class='ocrx_word' id='word_1_321' title='bbox 341 3773 459 3847; x_wconf 85' lang='lat' dir='ltr'>placuit,</span> <span class='ocrx_word' id='word_1_322' title='bbox 488 3772 559 3845; x_wconf 89' lang='lat' dir='ltr'>quod</span> <span class='ocrx_word' id='word_1_323' title='bbox 583 3766 766 3824; x_wconf 74' lang='lat' dir='ltr'>eruditisiime</span> <span class='ocrx_word' id='word_1_324' title='bbox 787 3789 881 3836; x_wconf 88' lang='lat' dir='ltr'>notas,</span> <span class='ocrx_word' id='word_1_325' title='bbox 912 3791 968 3825; x_wconf 90' lang='lat' dir='ltr'>non</span> <span class='ocrx_word' id='word_1_326' title='bbox 988 3779 1043 3826; x_wconf 87' lang='lat' dir='ltr'>iam</span> <span class='ocrx_word' id='word_1_327' title='bbox 1060 3775 1093 3826; x_wconf 92' lang='lat' dir='ltr'>ad</span> <span class='ocrx_word' id='word_1_328' title='bbox 1113 3782 1165 3843; x_wconf 89' lang='lat'>85,</span> <span class='ocrx_word' id='word_1_329' title='bbox 1186 3782 1212 3835; x_wconf 74' lang='lat' dir='ltr'>i.</span> <span class='ocrx_word' id='word_1_330' title='bbox 1228 3780 1275 3832; x_wconf 77' lang='lat' dir='ltr'>red</span> <span class='ocrx_word' id='word_1_331' title='bbox 1294 3780 1342 3834; x_wconf 72' lang='lat' dir='ltr'>de.</span> 
     </span>
     <span class='ocr_line' id='line_1_39' title="bbox 105 3865 1341 3942; baseline 0.004 -20"><span class='ocrx_word' id='word_1_332' title='bbox 105 3886 184 3922; x_wconf 83' lang='lat' dir='ltr'>mum</span> <span class='ocrx_word' id='word_1_333' title='bbox 205 3869 238 3921; x_wconf 90' lang='lat' dir='ltr'>ad</span> <span class='ocrx_word' id='word_1_334' title='bbox 255 3877 305 3932; x_wconf 80' lang='lat'><strong>88.</strong></span> <span class='ocrx_word' id='word_1_335' title='bbox 326 3874 351 3922; x_wconf 74' lang='lat'><strong>2.</strong></span> <span class='ocrx_word' id='word_1_336' title='bbox 371 3870 471 3918; x_wconf 88' lang='lat' dir='ltr'>Varum</span> <span class='ocrx_word' id='word_1_337' title='bbox 490 3869 607 3921; x_wconf 83' lang='lat' dir='ltr'>Macrini</span> <span class='ocrx_word' id='word_1_338' title='bbox 625 3883 729 3938; x_wconf 85' lang='lat' dir='ltr'>patrem</span> <span class='ocrx_word' id='word_1_339' title='bbox 748 3870 861 3918; x_wconf 81' lang='lat' dir='ltr'>minime</span> <span class='ocrx_word' id='word_1_340' title='bbox 879 3865 1018 3932; x_wconf 86' lang='lat' dir='ltr'>iudicans,</span> <span class='ocrx_word' id='word_1_341' title='bbox 1039 3868 1086 3921; x_wconf 87' lang='lat' dir='ltr'>sed</span> <span class='ocrx_word' id='word_1_342' title='bbox 1103 3885 1207 3941; x_wconf 86' lang='lat' dir='ltr'>patrem</span> <span class='ocrx_word' id='word_1_343' title='bbox 1226 3872 1341 3942; x_wconf 87' lang='lat' dir='ltr'>dictum,</span> 
     </span>
     <span class='ocr_line' id='line_1_40' title="bbox 104 3958 1340 4034; baseline 0.006 -20"><span class='ocrx_word' id='word_1_344' title='bbox 104 3960 181 4034; x_wconf 64' lang='lat' dir='ltr'>quod</span> <span class='ocrx_word' id='word_1_345' title='bbox 204 3967 262 4014; x_wconf 86' lang='lat' dir='ltr'>eius</span> <span class='ocrx_word' id='word_1_346' title='bbox 289 3961 358 4012; x_wconf 86' lang='lat' dir='ltr'>hlius</span> <span class='ocrx_word' id='word_1_347' title='bbox 386 3959 472 4013; x_wconf 87' lang='lat' dir='ltr'>tribus</span> <span class='ocrx_word' id='word_1_348' title='bbox 500 3958 622 4011; x_wconf 87' lang='lat' dir='ltr'>ciusdem</span> <span class='ocrx_word' id='word_1_349' title='bbox 642 3959 800 4011; x_wconf 87' lang='lat' dir='ltr'>nominibus</span> <span class='ocrx_word' id='word_1_350' title='bbox 823 3975 955 4014; x_wconf 87' lang='lat' dir='ltr'>uteretur.</span> <span class='ocrx_word' id='word_1_351' title='bbox 996 3962 1037 4013; x_wconf 87' lang='lat' dir='ltr'>lta</span> <span class='ocrx_word' id='word_1_352' title='bbox 1055 3962 1191 4016; x_wconf 85' lang='lat' dir='ltr'>interdum</span> <span class='ocrx_word' id='word_1_353' title='bbox 1210 3966 1340 4022; x_wconf 71' lang='lat' dir='ltr'>ivaioii</span> 
     </span>
     <span class='ocr_line' id='line_1_41' title="bbox 104 4053 1339 4132; baseline 0.006 -24"><span class='ocrx_word' id='word_1_354' title='bbox 104 4055 208 4108; x_wconf 91' lang='lat' dir='ltr'>dicitur</span> <span class='ocrx_word' id='word_1_355' title='bbox 227 4053 260 4106; x_wconf 89' lang='lat' dir='ltr'>ab</span> <span class='ocrx_word' id='word_1_356' title='bbox 280 4055 334 4107; x_wconf 90' lang='lat' dir='ltr'>alio</span> <span class='ocrx_word' id='word_1_357' title='bbox 354 4053 503 4107; x_wconf 88' lang='lat' dir='ltr'>eorundem</span> <span class='ocrx_word' id='word_1_358' title='bbox 521 4057 662 4105; x_wconf 88' lang='lat' dir='ltr'>nominum</span> <span class='ocrx_word' id='word_1_359' title='bbox 681 4057 805 4116; x_wconf 83' lang='lat' dir='ltr'>seniore,</span> <span class='ocrx_word' id='word_1_360' title='bbox 838 4057 961 4122; x_wconf 80' lang='lat' dir='ltr'>quemuis</span> <span class='ocrx_word' id='word_1_361' title='bbox 984 4057 1013 4106; x_wconf 89' lang='lat' dir='ltr'>iu</span> <span class='ocrx_word' id='word_1_362' title='bbox 1038 4053 1133 4108; x_wconf 85' lang='lat' dir='ltr'>eadem</span> <span class='ocrx_word' id='word_1_363' title='bbox 1158 4062 1339 4132; x_wconf 85' lang='lat' dir='ltr'>inscriptione</span> 
     </span>
     <span class='ocr_line' id='line_1_42' title="bbox 102 4144 1339 4224; baseline -0.005 -23"><span class='ocrx_word' id='word_1_364' title='bbox 102 4166 161 4202; x_wconf 89' lang='lat' dir='ltr'>non</span> <span class='ocrx_word' id='word_1_365' title='bbox 180 4164 348 4211; x_wconf 87' lang='lat' dir='ltr'>memorato,</span> <span class='ocrx_word' id='word_1_366' title='bbox 368 4145 574 4215; x_wconf 71' lang='lat' dir='ltr'>distinguendus</span> <span class='ocrx_word' id='word_1_367' title='bbox 588 4165 613 4199; x_wconf 87' lang='lat' dir='ltr'><strong>v.</strong></span> <span class='ocrx_word' id='word_1_368' title='bbox 630 4144 708 4198; x_wconf 88' lang='lat' dir='ltr'>Fabr.</span> <span class='ocrx_word' id='word_1_369' title='bbox 725 4164 752 4218; x_wconf 86' lang='lat' dir='ltr'>p.</span> <span class='ocrx_word' id='word_1_370' title='bbox 768 4148 832 4204; x_wconf 79' lang='lat'><strong>368.</strong></span> <span class='ocrx_word' id='word_1_371' title='bbox 846 4165 874 4198; x_wconf 90' lang='lat' dir='ltr'>n.</span> <span class='ocrx_word' id='word_1_372' title='bbox 889 4146 994 4201; x_wconf 77' lang='lat' dir='ltr'>xxiv,</span> <span class='ocrx_word' id='word_1_373' title='bbox 1033 4149 1125 4216; x_wconf 83' lang='lat' dir='ltr'>Quum</span> <span class='ocrx_word' id='word_1_374' title='bbox 1145 4151 1241 4203; x_wconf 63' lang='lat' dir='ltr'>Varus</span> <span class='ocrx_word' id='word_1_375' title='bbox 1252 4164 1339 4224; x_wconf 60' lang='lat' dir='ltr'>Imm</span> 
     </span>
     <span class='ocr_line' id='line_1_43' title="bbox 101 4239 1339 4319; baseline 0 -27"><span class='ocrx_word' id='word_1_376' title='bbox 101 4246 141 4296; x_wconf 88' lang='lat' dir='ltr'>ita</span> <span class='ocrx_word' id='word_1_377' title='bbox 159 4241 294 4314; x_wconf 80' lang='lat' dir='ltr'>cxplicatu</span> <span class='ocrx_word' id='word_1_378' title='bbox 314 4242 411 4312; x_wconf 80' lang='lat' dir='ltr'>dignus</span> <span class='ocrx_word' id='word_1_379' title='bbox 428 4242 508 4293; x_wconf 82' lang='lat' dir='ltr'>TlBI</span> <span class='ocrx_word' id='word_1_380' title='bbox 525 4245 561 4292; x_wconf 90' lang='lat' dir='ltr'>sit</span> <span class='ocrx_word' id='word_1_381' title='bbox 581 4243 669 4302; x_wconf 88' lang='lat' dir='ltr'>visus,</span> <span class='ocrx_word' id='word_1_382' title='bbox 690 4257 724 4289; x_wconf 88' lang='lat' dir='ltr'>ne</span> <span class='ocrx_word' id='word_1_383' title='bbox 742 4253 843 4290; x_wconf 84' lang='lat' dir='ltr'>temere</span> <span class='ocrx_word' id='word_1_384' title='bbox 860 4256 938 4310; x_wconf 86' lang='lat' dir='ltr'>pates</span> <span class='ocrx_word' id='word_1_385' title='bbox 958 4254 985 4291; x_wconf 88' lang='lat' dir='ltr'>et</span> <span class='ocrx_word' id='word_1_386' title='bbox 1003 4239 1072 4292; x_wconf 85' lang='lat' dir='ltr'>lilius</span> <span class='ocrx_word' id='word_1_387' title='bbox 1088 4241 1255 4296; x_wconf 81' lang='lat' dir='ltr'>diuersarum</span> <span class='ocrx_word' id='word_1_388' title='bbox 1272 4265 1339 4319; x_wconf 83' lang='lat' dir='ltr'>gea.</span> 
     </span>
     <span class='ocr_line' id='line_1_44' title="bbox 100 4329 1338 4407; baseline -0.002 -18"><span class='ocrx_word' id='word_1_389' title='bbox 100 4340 171 4389; x_wconf 81' lang='lat' dir='ltr'>tium</span> <span class='ocrx_word' id='word_1_390' title='bbox 191 4331 275 4387; x_wconf 80' lang='lat' dir='ltr'>luisse</span> <span class='ocrx_word' id='word_1_391' title='bbox 295 4333 484 4387; x_wconf 87' lang='lat' dir='ltr'>crederentur:</span> <span class='ocrx_word' id='word_1_392' title='bbox 516 4349 620 4407; x_wconf 84' lang='lat' dir='ltr'>patrem</span> <span class='ocrx_word' id='word_1_393' title='bbox 642 4329 834 4384; x_wconf 84' lang='lat' dir='ltr'>Marcellinum</span> <span class='ocrx_word' id='word_1_394' title='bbox 856 4332 1036 4385; x_wconf 79' lang='lat' dir='ltr'>Concenetiae</span> <span class='ocrx_word' id='word_1_395' title='bbox 1056 4341 1161 4405; x_wconf 85' lang='lat' dir='ltr'>gentis,</span> <span class='ocrx_word' id='word_1_396' title='bbox 1186 4335 1272 4391; x_wconf 84' lang='lat' dir='ltr'>hlium</span> <span class='ocrx_word' id='word_1_397' title='bbox 1291 4343 1338 4393; x_wconf 84' lang='lat' dir='ltr'>lu.</span> 
     </span>
     <span class='ocr_line' id='line_1_45' title="bbox 99 4418 1339 4505; baseline 0 -24"><span class='ocrx_word' id='word_1_398' title='bbox 99 4433 206 4482; x_wconf 89' lang='lat' dir='ltr'>stinum</span> <span class='ocrx_word' id='word_1_399' title='bbox 230 4429 354 4495; x_wconf 72' lang='lat' dir='ltr'>Congiae</span> <span class='ocrx_word' id='word_1_400' title='bbox 379 4424 481 4505; x_wconf 74' lang='lat' dir='ltr'>luisse,</span> <span class='ocrx_word' id='word_1_401' title='bbox 512 4444 568 4478; x_wconf 89' lang='lat' dir='ltr'>non</span> <span class='ocrx_word' id='word_1_402' title='bbox 592 4423 668 4478; x_wconf 85' lang='lat' dir='ltr'>valde</span> <span class='ocrx_word' id='word_1_403' title='bbox 693 4439 774 4489; x_wconf 86' lang='lat' dir='ltr'>amo,</span> <span class='ocrx_word' id='word_1_404' title='bbox 807 4442 871 4477; x_wconf 90' lang='lat' dir='ltr'>cum</span> <span class='ocrx_word' id='word_1_405' title='bbox 895 4426 1009 4481; x_wconf 64' lang='lat' dir='ltr'>coiit).</span> <span class='ocrx_word' id='word_1_406' title='bbox 1030 4446 1086 4480; x_wconf 91' lang='lat' dir='ltr'>non</span> <span class='ocrx_word' id='word_1_407' title='bbox 1106 4430 1266 4500; x_wconf 80' lang='lat' dir='ltr'>CONGius,</span> <span class='ocrx_word' id='word_1_408' title='bbox 1287 4418 1339 4487; x_wconf 72' lang='lat' dir='ltr'>aad</span> 
     </span>
     <span class='ocr_line' id='line_1_46' title="bbox 98 4516 1335 4593; baseline 0.002 -17"><span class='ocrx_word' id='word_1_409' title='bbox 98 4523 314 4576; x_wconf 71' lang='lat' dir='ltr'>CONiieuetius</span> <span class='ocrx_word' id='word_1_410' title='bbox 331 4536 460 4593; x_wconf 87' lang='lat' dir='ltr'>acceptus</span> <span class='ocrx_word' id='word_1_411' title='bbox 480 4525 519 4574; x_wconf 86' lang='lat' dir='ltr'>rei</span> <span class='ocrx_word' id='word_1_412' title='bbox 536 4520 601 4572; x_wconf 88' lang='lat' dir='ltr'>huic</span> <span class='ocrx_word' id='word_1_413' title='bbox 621 4518 772 4579; x_wconf 81' lang='lat' dir='ltr'>medicetur</span> <span class='ocrx_word' id='word_1_414' title='bbox 791 4524 908 4592; x_wconf 88' lang='lat' dir='ltr'>optimc:</span> <span class='ocrx_word' id='word_1_415' title='bbox 927 4520 993 4573; x_wconf 90' lang='lat' dir='ltr'>licet</span> <span class='ocrx_word' id='word_1_416' title='bbox 1009 4538 1065 4572; x_wconf 91' lang='lat' dir='ltr'>non</span> <span class='ocrx_word' id='word_1_417' title='bbox 1082 4516 1251 4591; x_wconf 79' lang='lat' dir='ltr'>uereiauuis,</span> <span class='ocrx_word' id='word_1_418' title='bbox 1274 4525 1335 4582; x_wconf 89' lang='lat' dir='ltr'>dari</span> 
     </span>
    </p>
   </div>
   <div class='ocr_carea' id='block_1_10' title="bbox 0 0 1468 5040">
    <p class='ocr_par' dir='ltr' id='par_1_19' title="bbox 0 0 1468 5040">
     <span class='ocr_line' id='line_1_47' title="bbox 0 0 1468 5040; baseline 0 11"><span class='ocrx_word' id='word_1_419' title='bbox 0 0 1468 5040; x_wconf 95' lang='lat' dir='ltr'> </span> 
     </span>
    </p>
   </div>
  </div>
 </body>
</html>
