2926 5040
98 131 153 188 ssa
277 110 281 121 ⁴
598 110 600 115 '
629 120 849 180 cars'roun.

99 255 143 312 ius
163 260 200 311 sit
221 269 345 324 mactus,
363 253 694 311 anntnnssonawoiu
717 253 870 329 OBERVM
889 248 1298 324 Pvnnlconvnt,1egendne
1318 255 1352 305 in

103 349 186 408 (irus.
205 353 277 419 159,
297 356 324 408 1.
351 363 462 422 etpost
481 346 633 404 Gruterum
655 347 1015 422 iuSpoqu'sc.160‚2.
1041 358 1069 401 et
1092 344 1216 403 Fabrett.
1238 363 1266 419 p.
1286 347 1352 406 599.

101 463 132 503 ¹¹·
153 446 217 591 2812
227 535 341 590 Gruteri
361 533 404 589 ed.
424 510 480 589 see,
493 530 651 601 adnotant,
678 532 836 589 Fabrettum
855 526 1047 589 LaNPanio
1073 529 1191 596 habere,
1219 545 1250 584 nc
1270 545 1353 606 saepe

14 668 17 675 .
103 629 129 686 N
154 644 219 691 aute
243 626 374 695 iabisies,
406 616 464 683 non
484 631 514 682 in
534 629 566 683 Μ
584 643 738 694 mutatum,
769 626 818 682 sed
843 640 980 680 retentum
1005 630 1159 679 invenimus
1180 630 1208 680 in
1229 629 1304 679 satia
1325 640 1354 681 aa
1397 684 1399 689 ,

104 724 220 780 Graecis
245 737 273 776 et
298 722 421 788 Latinis,
453 721 497 776 his
523 735 617 777 tamen
642 719 724 794 ionga
749 720 943 795 paucioribus,
973 736 1055 792 quam
1078 721 1203 776 Graecis.
1247 717 1354 775 Neutra

104 832 179 873 nuno
198 812 396 875 adnumerandi
416 829 525 889 tempus
545 829 596 868 est.
635 814 692 871 Cur
710 826 778 867 veru
793 814 824 868 hi
842 812 1019 879 adnotatores
1042 828 1150 884 taoent,
1174 817 1203 873 ia
1222 811 1354 871 iabretta

104 907 284 969 POSTVMO
304 924 363 963 ease
381 918 434 982 p‘ro
455 909 568 988 Gruteri
587 907 802 964 Posa‘vniioi

218 1009 348 1067 fabretto
366 1007 458 1093 calido
476 1011 526 1063 sub
541 1019 655 1085 pectora
667 990 795 1084 fervido
813 1009 878 1065 bitis
948 1019 950 1024 '
1033 1031 1037 1043 ·

206 1103 368 1174 insonare,
389 1122 473 1178 prtum
490 1122 547 1159 non
565 1109 739 1160 restinxerit
757 1122 831 1157 uerso
847 1107 972 1158 demam

107 1215 242 1292 dponium
266 1221 379 1272 nonnisi
405 1232 436 1274 ut
462 1233 668 1292 corrumperet,
698 1214 891 1272 Miscellaneir
916 1220 972 1271 tuis
991 1219 1222 1279 comminuisse,
1249 1212 1356 1272 Maluit

107 1310 251 1366 Fabrettns
272 1315 341 1366 iram
359 1325 438 1364 suam
458 1328 568 1367 omnem
587 1300 713 1366 cromati
732 1314 761 1366 iu
780 1311 927 1386 sponium,
953 1311 1097 1365 hominem
1117 1310 1243 1375 Gallum,
1270 1326 1356 1380 quam

109 1405 202 1460 invehi
223 1408 253 1458 in
275 1406 417 1458 hominem
443 1406 559 1472 Italum,
590 1407 756 1479 Ceparium,
789 1423 821 1458 ex
840 1421 894 1478 quo
915 1403 1034 1477 Sponius
1055 1403 1268 1476 Neapolitanum
1287 1403 1357 1475 iapi-

91 1495 172 1558 fdena
189 1495 393 1571 desumpseratr
412 1501 510 1570 vixque
529 1496 644 1565 dubito,
661 1516 719 1552 non
740 1499 891 1572 Sponium,
909 1495 957 1551 sed
977 1486 1244 1570 Capaeiumculpae
1263 1496 1357 1572 proxi}

109 1607 185 1647 naum
204 1595 363 1645 inventuros
381 1609 457 1661 esse,
475 1591 573 1664 quibus
594 1593 707 1665 Capacii
726 1591 798 1647 liber
817 1610 857 1646 est
877 1590 912 1646 ad
931 1606 1036 1645 manus.

160 1682 326 1751 ‘„videtur
351 1686 404 1739 hio·
419 1683 510 1752 idem,
539 1690 586 1756 qui
605 1688 668 1741 Cos.
688 1683 741 1741 fuit
760 1689 793 1742 Δ.
812 1688 880 1745 Chr.
901 1684 1024 1743 DXXX.
1049 1700 1112 1739 cum
1133 1682 1227 1738 Flavio
1247 1681 1358 1750 Oreste,

110 1776 220 1851 „idque
250 1781 279 1832 iu
307 1775 470 1836 Occidente.
515 1779 650 1833 Postumii
678 1780 759 1834 huius
789 1796 816 1834 et
848 1785 955 1834 mentio
986 1779 1016 1833 fit
1047 1778 1182 1843 conix,
1214 1780 1243 1837 5.
1286 1775 1359 1847 (lag.

109 1874 207 1943 ,·,·i⁵9,
228 1874 267 1939 1.)
286 1869 438 1944 Aimelor,''
477 1872 552 1928 Haec
571 1871 666 1928 Holth.
686 1877 716 1927 iu
735 1872 1026 1933 Add,Grut.'1'.1V.
1047 1892 1075 1948 p.
1088 1874 1152 1933 521.
1172 1887 1196 1926 a.
1218 1866 1252 1922 sd
1273 1871 1359 1927 Grut.

39 2008 43 2015 .
111 1969 184 2033 193,
203 1974 245 2032 1.,
273 1979 340 2036 quae
359 1962 429 2019 bens
448 1969 615 2022 conveniunt
635 1984 699 2021 cum
720 1972 770 2035 iis,
799 1984 868 2042 quae
888 1966 1111 2023 Aimeioveenius
1135 1968 1244 2039 ipsein
1262 1964 1360 2016 Fastis

39 2054 41 2061 ⁴
110 2063 167 2114 suis
187 2057 354 2129 eonsrdorib.
373 2058 406 2112 Τ.
420 2058 458 2111 11.
479 2078 504 2132 p.
521 2063 600 2125 155,
618 2077 688 2116 extr.
705 2060 738 2115 de
759 2061 911 2135 Lampadio
930 2062 1043 2143 consule
1064 2077 1090 2116 ιι.
1110 2060 1175 2116 Chr.
1188 2063 1253 2120 550.
1272 2058 1361 2112 adno-

110 2158 193 2208 tavit:
216 2171 255 2205 an
273 2151 337 2204 irie?
362 2156 410 2224 qui
427 2162 599 2205 memoratur
617 2153 695 2228 apud
712 2155 826 2208 Gruter.
847 2154 935 2209 inser.
952 2156 1060 2225 p.l159.
1082 2169 1110 2207 n.
1126 2161 1151 2209 1.

186 2244 268 2318 Quod
289 2249 351 2300 aine
370 2245 424 2300 ulla
444 2246 650 2314 adfirmatione,
675 2245 849 2313 dubitanter,
874 2263 905 2302 ut
924 2246 1014 2314 rides,
1040 2244 1259 2301 Aimeloreenius
1279 2243 1361 2298 dire·

110 2355 169 2408 rar,
197 2338 225 2394 id
251 2345 310 2394 sine
335 2345 512 2395 cunctatione
537 2341 688 2396 admissum
717 2340 944 2414 adfirmatumqua
966 2339 1045 2394 video
1066 2339 1100 2391 ab
1121 2337 1277 2404 Hoitiaeno,
1311 2343 1362 2409 qni

111 2451 258 2506 utrumque
284 2434 398 2489 Gruteri
423 2451 517 2488 saxum
538 2438 651 2501 195,1.
676 2451 704 2488 et
724 2436 794 2502 459,
814 2441 858 2502 1.,
886 2432 921 2487 ad
949 2430 1128 2506 Lampadium
1156 2448 1182 2489 a.
1204 2433 1268 2488 Chr.
1290 2436 1381 2491 550.“’

111 2527 255 2581 consulem
282 2533 387 2602 putatia
414 2532 569 2602 pertinere:
601 2534 703 2602 quippe
728 2534 775 2602 qui
808 2528 896 2584 indici
927 2533 1072 2581 nominum
1099 2526 1274 2598 Scaligerano
1306 2528 1363 2578 itoe

112 2624 257 2694 scripserit
286 2620 523 2694 supplementumr
554 2622 726 2696 Lampadium
750 2623 789 2677 V.
816 2622 847 2678 C.
874 2622 937 2679 Cos.
964 2618 1062 2693 Camp.
1083 2622 1152 2691 195,
1177 2629 1204 2680 1-
1236 2623 1310 2687 059,
1332 2628 1361 2680 1.

113 2717 203 2782 1059,
222 2719 250 2776 5.
279 2717 369 2782 1060,
389 2720 416 2774 7.
454 2717 492 2772 A.
514 2716 551 2771 V.
571 2715 602 2773 C.
624 2720 705 2776 1282.
724 2723 791 2789 poss
810 2716 841 2769 C.
861 2717 900 2768 N.
922 2720 985 2776 550.

187 2806 235 2862 Sic
260 2823 288 2863 et
312 2805 448 2863 Baiandus
469 2800 585 2864 ¹morosa
611 2814 671 2866 eine
698 2813 869 2882 cogitatione
894 2812 1065 2862 existimasse
1089 2821 1130 2861 est
1149 2805 1361 2870 existimandus,

112 2900 263 2954 Fastorum
291 2918 406 2957 enorum
434 2918 496 2976 pag.
517 2909 581 2964 703.
611 2901 645 2956 ad
673 2917 700 2958 a.
719 2902 786 2958 Chr.
804 2908 870 2963 550.
901 2905 1015 2959 initium
1043 2898 1111 2955 dans
1140 2902 1215 2970 saxi,
1247 2898 1317 2955 editi
1345 2917 1363 2955 a

112 2991 192 3047 Fris.
215 3012 241 3061 p.
256 2996 320 3054 598.
341 2994 423 3052 Grut.
438 2995 502 3054 459.
521 2995 598 3071 Spon
615 2996 737 3053 Misceil.
754 2997 819 3055 160.

47 3072 50 3079 ’
188 3086 369 3161 Lampadium
396 3107 477 3157 vero,
507 3090 689 3145 Consularem
713 3091 897 3167 Campaniae,
930 3087 1042 3143 demum
1071 3103 1148 3142 scato
1177 3103 1240 3162 post
1266 3086 1299 3140 C.
1324 3087 1363 3145 N.

114 3179 206 3234 secuio
226 3180 368 3250 floruisse,
393 3187 472 3254 eique
495 3182 620 3239 ordinem
645 3184 724 3252 (scil.
745 3201 902 3249 summum,
929 3188 950 3238 i.
968 3201 993 3238 e.
1013 3189 1159 3247 senatum)
1187 3185 1362 3254 Capueusem

114 3280 171 3328 voti
191 3290 218 3328 et
239 3276 363 3347 obsequii
383 3281 425 3330 sui
443 3272 543 3351 pignus
562 3277 713 3346 locavisse,
743 3281 866 3332 animum
885 3275 1015 3331 inducere
1035 3280 1079 3330 vix
1098 3291 1226 3348 possum:
1258 3279 1363 3344 magis·

114 3387 167 3439 que
192 3384 336 3440 quartum,
370 3385 453 3441 quana
478 3388 602 3440 sextum,
633 3371 757 3426 seculum
779 3373 902 3426 redolere
927 3387 991 3424 saxa
1011 3368 1173 3442 Lampadii,
1205 3368 1362 3422 consularis

112 3462 295 3535 Campaniae,
321 3463 463 3530 videntur,
487 3463 560 3518 unde
581 3464 651 3519 mihi
670 3484 728 3519 non
746 3464 875 3539 displicet
896 3470 1058 3518 coniectura
1078 3463 1191 3537 Sponii,
1208 3467 1256 3534 qui
1275 3462 1363 3515 Mire.

96 3572 166 3637 'pag
189 3558 251 3614 160.
271 3572 338 3612 extr.
360 3557 544 3630 Lampatlirrs,
567 3563 673 3631 inquit,
698 3564 751 3610 iste
770 3560 884 3611 videtur
902 3558 975 3610 idem
993 3576 1068 3624 esse,
1095 3562 1142 3629 qui
1160 3574 1234 3612 anno
1256 3554 1365 3609 Christi

113 3653 178 3710 566.
198 3650 248 3702 cub
268 3651 470 3704 Valentiniano
488 3652 512 3706 Ι.
532 3651 701 3724 Praefectus
713 3650 780 3724 fuit
799 3652 876 3704 urbis
893 3652 1012 3718 Romae,
1038 3660 1067 3704 et
1085 3660 1173 3704 antea
1194 3647 1365 3722 Praefectus

115 3745 282 3809 Praetorio,
310 3744 344 3797 de
368 3762 420 3815 pcto
441 3747 607 3797 Ammianus
625 3746 812 3799 Marcellinus
836 3747 883 3802 lib.
906 3753 952 3805 27.
978 3765 1038 3818 cap.
1059 3753 1085 3801 2.
1105 3743 1159 3820 (5.)
1181 3753 1209 3795 ei
1228 3744 1364 3814 Lacnrry

114 3841 146 3891 in
169 3836 290 3890 lristorc‘a
316 3838 478 3892 christiana
501 3839 552 3890 sub
578 3838 741 3912 Praefectis
765 3840 924 3893 Praetorio.
968 3844 1061 3910 Quam
1089 3855 1225 3892 memorat
1253 3837 1364 3910 aegidii

114 3930 235 4004 Lacarry
259 3931 419 4000 historiam,
454 3948 538 4004 aeque
564 3949 644 4004 atque
670 3935 785 3987 aiteram
810 3931 948 4002 eiusdem,
976 3935 1129 3987 Historiam
1153 3932 1365 3985 coloniaruma

115 4024 204 4095 Gallis
234 4029 265 4080 in
293 4040 399 4080 exteras
424 4031 551 4080 nationes
578 4032 739 4096 missarum,
771 4044 798 4095 et
824 4026 858 4080 ab
887 4032 987 4082 exteris
1012 4026 1172 4081 nationibua
1199 4031 1229 4080 iu
1256 4025 1365 4080 Gallias

115 4114 313 4188 deductarum,
332 4119 402 4174 olim
421 4121 490 4175 mihi
511 4125 662 4193 quaesitas,
682 4119 804 4175 nondum
822 4119 889 4177 vidi.

189 4215 279 4267 Vnum
303 4212 359 4268 hoo
383 4211 470 4281 a'ddo,
503 4214 577 4267 huuc
601 4213 775 4271 Praefectum
799 4215 864 4269 Vrbi
885 4213 1068 4290 Lampadium
1088 4217 1221 4270 Panriuio
1249 4218 1366 4271 minime

115 4309 245 4380 ignotum
266 4306 367 4377 fuisse,
398 4324 429 4362 ut
455 4323 529 4381 patet
554 4326 587 4361 ex
612 4314 671 4364 eius
698 4315 898 4364 commentario
928 4314 957 4364 in
983 4310 1086 4364 librum
1114 4310 1166 4365 111.
1193 4311 1307 4365 lassor.
1333 4307 1366 4362 sd

115 4415 202 4455 annos
221 4403 254 4455 V.
275 4405 306 4457 R.
327 4403 358 4456 C.
379 4407 461 4460 1117.
482 4411 508 4456 et
531 4408 614 4464 1118.
637 4422 663 4477 p.
685 4407 750 4463 413.
775 4409 854 4471 inin,
882 4420 913 4458 ut
939 4421 995 4458 non
1018 4418 1121 4457 temere
1142 4408 1281 4476 suspicer,
1310 4407 1366 4457 nisi

117 4502 146 4552 in
177 4514 305 4552 mancum
336 4495 545 4570 Neapolitanae·
567 4498 760 4572 inscriptionis
794 4514 909 4573 typum,
947 4502 995 4570 qui
1028 4497 1135 4552 CONS.
1171 4514 1222 4572 pro
1254 4497 1363 4554 cotis,
