2926 5040
112 170 152 229 18
357 210 386 242 4-
532 169 930 234 PRAEFATIO.

111 337 285 420 consurgere
314 350 499 421 cogeretur.
558 307 835 421 Palaeogrzipbiae
872 349 975 401 autem
1020 341 1222 402 veliementer
1256 341 1353 403 doleo

111 449 225 509 nnllam
247 450 316 512 lere
338 451 492 513 rationem
515 472 532 512 a
556 471 604 512 me
627 449 738 513 haberi
761 450 925 531 potuisse,
952 471 1018 513 eam
1042 454 1085 514 ob
1100 472 1238 525 cansam,
1262 456 1353 535 quod

110 562 239 623 uicerant
261 561 330 643 typi
352 560 460 625 idonei
482 565 640 654 adnexas
663 561 731 625 sive
754 561 868 646 ligatas
886 561 1085 643 potissimum
1101 563 1209 626 literas
1224 563 1350 626 imitan-

40 732 43 737 .
110 675 184 746 das,
210 695 266 735 ner.
291 674 391 736 libero
415 673 533 737 homini
556 674 709 738 Helvetio
732 675 848 757 regalis
870 673 972 758 aliqua
997 675 1208 738 munificentia
1230 678 1350 739 subve-

109 785 231 861 niebat,
267 806 367 868 neque
397 786 429 847 in
452 787 538 849 dubii
559 786 665 849 exitus
687 786 980 867 inceptum-nimios
1003 798 1147 868 snrnptns
1171 799 1204 851 ut
1226 787 1349 869 impen-

109 899 197 959 deret
214 897 453 960 honestissimus
474 900 671 979 redemptor,
696 919 767 960 meo
784 899 852 961 nire
866 884 1032 980 postulare
1046 911 1203 980 poteram.
1242 902 1348 962 Nemo

108 1008 205 1091 igitur
227 1012 284 1071 liae
307 1012 347 1071 dc
370 1031 405 1071 re
427 1030 547 1071 mecum
570 1009 692 1092 litiget,
718 1011 768 1073 vel
792 1010 1097 1093 adeodigladietnr.
1143 1014 1219 1074 Non
1242 1013 1349 1092 potui,

108 1120 245 1204 inquam.
292 1125 344 1183 Tu
360 1122 385 1183 si
405 1123 568 1201 potueris,
594 1144 656 1207 ego
671 1123 817 1203 plaudam
834 1144 904 1184 cnm
924 1121 1047 1203 primis.
1093 1124 1219 1187 Utinam
1242 1135 1347 1186 antem

107 1234 248 1313 placeret
268 1232 416 1313 Koppio,
435 1233 482 1297 V.
499 1232 567 1307 Cl.,
584 1235 636 1296 cui
650 1234 682 1296 in
696 1235 757 1295 hoc
773 1254 889 1317 genere
905 1255 1013 1296 omnes
1029 1256 1109 1319 nilne
1126 1236 1242 1315 primas
1259 1237 1346 1299 dele-

80 1320 83 1329 *
107 1357 177 1405 runt
190 1389 199 1416 ,
221 1344 272 1406 vel
284 1344 436 1427 integram
448 1345 716 1429 palaeogrepbiae
728 1345 821 1407 etiarn
835 1344 969 1407 Latinae
982 1346 1156 1408 doctrinam
1170 1369 1354 1430 exponere,-

107 1458 157 1517 rel
180 1456 319 1519 eiusdem
342 1457 450 1525 saltem
478 1457 697 1539 compendium
727 1457 919 1519 discentibus
943 1457 1111 1537 exhibere!
1172 1462 1241 1522 Nec
1264 1481 1355 1522 vero.

107 1566 202 1631 bodie
224 1579 300 1649 post
320 1566 583 1652 litlrographicam
607 1581 705 1632 artem
727 1569 884 1631 inventam
907 1591 958 1632 res
977 1583 1025 1632 cst
1040 1570 1129 1632 nimis
1146 1583 1346 1652 sumptuosa,

51 1720 56 1735 .
108 1679 244 1764 ideoque
267 1678 397 1742 eruditis
413 1681 592 1743 bominibus
608 1683 776 1764 denegata.
822 1681 978 1744 Libenter
993 1682 1136 1766 equidem
1154 1683 1203 1745 vel
1220 1694 1346 1745 centnm

107 1766 228 1854 tabulals
262 1791 512 1874 lithographicas
546 1793 630 1856 libro
663 1812 742 1857 mco
768 1793 918 1876 subiungi
955 1815 1135 1868 curassent,
1175 1797 1345 1858 dinumodo

106 1902 255 1966 licuisset.

192 2015 277 2079 Meis
296 2027 397 2079 alitem
421 2015 454 2078 in
473 2017 728 2080 adnotationibus
743 2016 983 2081 conscribendis
1000 2018 1344 2102 Hagcnbnclrianisqne

57 2103 60 2115 Ι
107 2127 315 2209 excerpendis
336 2127 488 2192 brevitati
510 2129 648 2194 maximo
671 2150 770 2211 opere
792 2129 914 2202 studui,
950 2129 1006 2192 nisi
1036 2131 1087 2192 nbi
1109 2152 1160 2192 res
1189 2129 1276 2212 ipsa,
1310 2143 1346 2193 nt

107 2238 202 2301 latius
224 2238 415 2324 aliquantum
438 2240 651 2323 exspatiarer.
687 2244 852 2303 suaderet:
889 2241 1111 2323 inscriptiones
1140 2243 1220 2306 enim
1250 2264 1348 2326 quiam.

106 2351 257 2432 plurimas
280 2351 311 2413 in
334 2352 523 2434 compendio
545 2352 666 2416 licitum
687 2365 790 2427 essct,
815 2375 876 2418 nou
901 2377 979 2417 vero
1002 2355 1245 2418 commentarios
1269 2358 1348 2417 dare-

106 2462 341 2528 constitneram.
411 2465 482 2545 Qua
520 2464 552 2527 in
588 2487 623 2528 re
662 2465 690 2528 si
729 2464 806 2550 qnid
843 2477 1007 2547 peecatum
1044 2479 1108 2539 est,
1148 2469 1270 2528 abunde
1297 2466 1342 2539 id,

106 2574 242 2657 opinor,
274 2576 529 2658 compensabitur
557 2561 732 2658 appendice
762 2578 879 2652 altera,
915 2577 1077 2640 variorum
1101 2576 1252 2656 epistolas
1275 2576 1344 2654 epi-

106 2688 273 2769 graphieas
297 2688 496 2765 continente,
520 2709 619 2772 qrras,
643 2692 701 2752 bae
723 2688 834 2752 edendi
857 2685 1101 2770 opportunitate
1116 2687 1201 2746 linrrd
1223 2686 1353 2760 oblata,

105 2801 270 2863 diuturnae
289 2803 437 2863 tenebrae
459 2799 490 2862 in
513 2810 677 2880 posterum
692 2821 821 2884 quoqne
836 2797 1039 2880 pressissent.
1086 2797 1342 2879 Typothetarnm

106 2912 274 2993 specimina
294 2912 381 2997 ipse,
410 2923 523 2996 qnater
542 2910 686 2994 singula,
713 2905 888 2976 emendavi.
932 2912 1074 2995 Errores
1098 2909 1237 2991 aliquot,
1268 2929 1344 2989 per·

105 3044 225 3105 pancos
241 3037 363 3100 tamen,
387 3024 434 3087 sie
454 3045 582 3108 qnoque
602 3025 800 3099 remansisse,
818 3043 975 3105 nunqnam
992 3021 1130 3104 negabo.
1161 3022 1225 3085 Sed
1238 3021 1343 3082 nttllns

104 3106 305 3216 publicorum
330 3158 498 3200 censorum
518 3140 668 3219 (qnorum
686 3136 843 3219 benignus
866 3154 948 3195 nnnc
969 3144 1017 3194 est
1036 3134 1199 3202 nermernsl
1222 3131 1342 3194 erroris

104 3270 153 3310 me
172 3261 337 3325 accrrsato,
358 3259 523 3332 antequam
542 3246 643 3310 libros
660 3268 787 3322 omnes,
810 3267 945 3329 quornm
966 3243 1185 3328 auctoritatem
1209 3241 1342 3325 singulis

104 3338 134 3422 in
152 3360 232 3424 locis
252 3362 360 3434 laudo,
383 3362 450 3442 ipse
465 3359 651 3442 inspexerit.
696 3358 822 3422 Etenim
841 3357 927 3431 scio,
951 3378 999 3420 me
1018 3367 1050 3419 et
1066 3363 1215 3417 accnrate
1232 3354 1342 3417 titulos

104 3474 356 3556 transcripsisse,
392 3487 423 3537 et
456 3475 585 3549 sedulo,
623 3483 658 3535 nt
690 3471 786 3534 officii
817 3468 878 3532 mei
910 3480 997 3542 erat,
1033 3487 1141 3531 omnes
1169 3466 1293 3529 tabulas
1324 3487 1343 3528 a

103 3587 278 3667 typothetis
298 3585 371 3648 mihi
390 3584 500 3648 missas
519 3583 713 3647 correxisse.

189 3699 354 3779 Apparatu
369 3709 471 3759 autem
487 3685 762 3780 Hagenbuebiano
781 3693 958 3757 accuratius
976 3689 1145 3766 recensito,
1170 3689 1349 3761 librorum,-

72 3796 76 3811 ’
102 3810 216 3893 qrribns
238 3820 403 3888 practerea
427 3830 501 3871 usus
523 3830 612 3881 suin,
636 3806 768 3868 indicem
791 3828 860 3868 enm
882 3808 1044 3867 dumtaxat
1067 3805 1111 3866 ob
1134 3803 1226 3863 linem
1250 3799 1342 3863 cxlii-

102 3924 183 3994 beo,
208 3933 295 3983 utet
318 3906 440 3993 notae,¹
454 3919 566 4002 quibus
590 3919 732 4003 singulos
755 3917 938 4009 designavi,
965 3915 1088 3978 lucilius
1111 3913 1339 3995 intelligantur,

100 4044 143 4107 et,
168 4031 224 4117 qui
246 4032 320 4094 mihi
343 4034 443 4095 adhue
465 4030 641 4104 defuerint,
665 4030 768 4093 statim
791 4027 964 4093 lectoribus
986 4035 1149 4109 appareat.

173 4200 334 4258 scribebam
354 4199 451 4252 ‘furiet
473 4204 539 4273 lpsle
560 4198 691 4253 Kalendis
714 4201 846 4252 lanuarlis
868 4197 908 4250 Μ.
928 4195 1034 4249 DCCC.
1055 4194 1198 4259 xxvn„
1263 4261 1266 4267 Ι
