2926 5040
62 100 121 219 's
505 94 902 217 r-nanrarro.
986 188 999 225 ,

101 320 277 405 decipimur
290 317 505 403 interpolatis,
527 318 775 394 commenticiis,
796 284 978 400 corruptis,
997 315 1134 393 mutilis;
1157 338 1251 401 quam
1270 315 1342 399 plu-

101 422 196 498 rimas
216 436 351 518 denique
370 454 429 516 per
447 431 560 495 itinera
579 429 861 515 peregrinantium,
883 452 921 495 ac
933 454 993 514 per
1011 432 1138 496 libellos
1155 428 1344 514 praesertim

100 547 249 622 Italicos,
280 567 418 629 qnorum
442 565 518 610 raro
539 545 577 607 fit
599 544 693 627 eopia
714 544 835 608 homini
854 545 1036 621 Germano,
1060 545 1192 610 subinde
1215 565 1343 628 sparsas

67 656 70 661 ’
99 681 234 744 prorsus
253 658 438 744 ignoremus
456 678 585 721 necesse
605 669 666 720 est.
711 657 774 719 Sed
788 677 844 721 eos
860 656 1070 739 potissimum,
1093 658 1148 742 qui
1167 679 1184 720 a
1201 657 1342 740 copiosis

100 770 304 841 bibliothecis
322 770 450 856 longius
471 769 588 834 remoti
608 790 668 852 per
684 769 855 850 Gymnasia
876 771 1130 833 adolescentibus
1144 769 1343 834 instituendis

102 905 232 966 operam
256 886 348 958 dant,
378 881 556 968 aegerrime
575 903 705 956 carere,
732 903 771 944 ne
798 883 941 946 Grutero
965 882 1084 958 dicam,
1112 881 1340 947 Fleetwoodio

101 997 214 1072 etiam,
246 1007 277 1058 et
302 996 496 1070 Polcastro,
530 1005 580 1072 et,
611 997 667 1078 qui
684 995 767 1059 iuter
785 994 1046 1076 compendiorum
1065 994 1344 1080 epigraphi'corum

100 1108 275 1191 scriptores
297 1107 481 1191 primarium
504 1106 625 1171 obtinet
639 1108 766 1182 locum,
794 1107 988 1181 Morcellio,
1012 1128 1241 1189 saepenumero
1263 1105 1343 1182 vidi,

101 1242 140 1285 nc
166 1220 371 1289 vehementer
392 1217 494 1285 dolui.
539 1219 685 1300 Quorum
707 1221 831 1305 quidem
857 1220 1032 1283 commodis
1055 1242 1151 1304 quum
1169 1230 1252 1283 esset
1266 1220 1344 1282 sub·

100 1331 308 1408 veniendum,
327 1330 365 1394 iis
381 1353 510 1415 quoquc
525 1342 560 1394 ut
575 1331 816 1416 prospiceretur
833 1344 1076 1396 consentaneum
1100 1343 1184 1408 erat,
1208 1330 1337 1416 quibus,
1387 1328 1402 1358 ''

100 1447 272 1511 dnmmodo
288 1456 471 1528 suppeteret
486 1455 627 1526 tempus,
651 1444 792 1530 largiora
812 1445 950 1518 subsidia
965 1445 1122 1529 'denegata
1139 1465 1204 1507 non
1223 1453 1342 1507 essent.

102 1557 188 1638 Quin
216 1556 310 1622 etiam
339 1555 409 1638 ipsa
435 1555 600 1639 disciplina
621 1567 685 1619 tam
706 1558 853 1642 neglecta
874 1557 979 1621 iuvari
1000 1557 1196 1641 aliquatenus
1217 1567 1345 1639 poterat

39 1732 42 1739 ,
100 1688 184 1734 nova
207 1668 275 1732 eius
296 1667 435 1751 epitome
464 1670 548 1732 haud
575 1672 711 1752 prorsus
735 1670 847 1732 inscite
873 1672 1043 1744 adornata,
1072 1690 1153 1753 quae
1181 1667 1342 1752 philologi

19 1868 26 1879 .
104 1768 285 1845 Germanici
299 1783 452 1855 honestae
466 1783 624 1847 sufficeret
635 1782 824 1847 curiositati.
853 1785 949 1846 Hune
965 1782 1045 1844 enim
1064 1804 1127 1845 non
1148 1792 1208 1843 tam
1223 1781 1342 1855 stilum,

99 1906 196 1979 quem
214 1893 332 1970 dicunt,
356 1894 611 1979 inscriptionum,
636 1898 688 1975 (de
707 1917 771 1982 quo
790 1896 954 1982 praeclare
971 1894 1120 1976 exposuit
1137 1893 1343 1974 Morcellius)
1385 1895 1394 1921 ¹

102 2029 196 2093 quarn
229 2019 449 2093 argumentum
478 2008 581 2091 ipsum
609 2007 733 2071 varium
763 2019 796 2073 et
825 2007 992 2089 multiplex
1020 2019 1167 2088 spectare
1191 2027 1250 2088 par
1275 2015 1342 2080 est;

101 2100 176 2197 sed,
203 2131 239 2183 ut
259 2121 374 2184 habeat
396 2120 570 2189 doctissimi
590 2120 666 2185 Itali
687 2121 823 2195 librum,
847 2119 1001 2192 rariorem
1024 2120 1109 2200 apud
1127 2140 1185 2184 nos
1203 2129 1236 2182 et
1253 2116 1345 2203 nimis

102 2254 229 2309 carrum,
264 2254 306 2297 ex
329 2253 368 2295 eo
388 2232 595 2314 paucissimos
614 2235 777 2296 dumtaxat
793 2233 922 2309 titulos,
952 2231 1096 2316 quamvis
1119 2231 1252 2313 copiose
1271 2230 1345 2294 illu·

101 2356 238 2421 stratus,
266 2357 455 2427 pernoscet;
478 2367 582 2436 neque
606 2345 701 2411 facile
722 2348 781 2411 hos
804 2367 923 2429 paucos
945 2367 1035 2409 suum
1057 2344 1090 2406 in
1111 2367 1201 2407 usum
1224 2342 1345 2426 poterit

102 2469 309 2535 convertere.
354 2457 516 2539 Quocirca
537 2458 615 2523 nihil
632 2480 728 2543 quum
747 2459 901 2534 viderem,
925 2460 1012 2539 quod
1027 2478 1157 2541 magnas
1175 2455 1258 2519 inter
1276 2455 1345 2521 cul·

101 2568 255 2635 lectiones
278 2581 371 2655 atque
387 2570 540 2654 epito'mas
561 2570 741 2652 praedictas
764 2570 880 2634 iustum
899 2570 1030 2654 aliquod
1051 2569 1186 2632 medium
1206 2579 1342 2645 teneret,

102 2681 155 2745 diu
178 2685 347 2747 admodum
369 2694 434 2760 est,
465 2705 594 2767 exquo
617 2682 806 2755 inanimum
829 2682 957 2758 induxi,
993 2681 1122 2744 simulac
1143 2692 1218 2763 post
1239 2679 1344 2744 varias

99 2793 251 2861 fortunae
275 2794 530 2886 vicissitudines,
555 2797 651 2859 miras
673 2795 761 2871 illas,
785 2816 889 2878 neque
911 2805 1015 2857 tamen
1031 2792 1190 2878 ingratas,
1224 2770 1345 2875 patriae
1377 2774 1381 2783 ¹

87 2908 228 2971 tandem
248 2929 351 2973 essem
368 2907 547 2983 restitutus,
568 2909 632 2971 hoe
646 2907 677 2970 in
693 2928 811 2992 genere
827 2906 996 2992 aliquando
1015 2905 1194 2969 elaborare.
1218 2903 1345 2968 Etenim

101 3019 246 3095 Romae,
276 3018 443 3098 Lutetiae,
458 3020 666 3105 ‘Gottingae,
690 3018 851 3097 Beroliui,
876 3019 1090 3083 Vindobonae
1112 3018 1213 3082 maior
1235 3017 1345 3103 ntique

102 3130 262 3196 librorum
279 3133 466 3209 multitudo,
490 3133 643 3197 Nemausi
661 3142 771 3207 antea,
795 3153 895 3206 nune,
919 3142 954 3194 ut
972 3131 1077 3205 audio,
1102 3131 1261 3206 Lutetiae,
1287 3132 1345 3192 ab·

102 3243 313 3309 solutissimus
333 3244 427 3309 etiam
443 3245 498 3309 ille
519 3245 616 3317 index
638 3244 883 3330 Seguierianus‚
916 3266 956 3308 ne
978 3265 1060 3306 nune
1079 3243 1205 3328 quidem
1235 3253 1344 3305 conte-

104 3359 269 3431 mnendus,
292 3367 422 3439 praesto
448 3357 576 3434 luisset,
602 3357 715 3421 Turici
737 3379 836 3433 vero,
857 3356 1002 3442 quamvis
1018 3355 1234 3437 compluribus
1256 3345 1345 3417 libris

104 3468 179 3533 alibi
198 3467 323 3537 facilius
342 3470 535 3534 inveniendis
554 3471 744 3545 destitutus,¹
757 3469 791 3532 id
809 3482 912 3533 tamen
930 3468 1140 3551 reperiebam,
1165 3469 1250 3551 quod
1272 3489 1347 3529 uus·

104 3588 198 3666 queam
217 3582 278 3647 nisi
295 3583 327 3646 in
350 3583 510 3646 carissima
530 3583 634 3666 patria
657 3582 689 3645 in
709 3595 860 3666 promptu
879 3592 963 3656 erat3
998 3580 1249 3661 copiosissimum
1272 3574 1347 3643 dico

104 3706 288 3775 apparatum
303 3694 544 3780 epigrapbieum
558 3696 611 3767 Io,
629 3671 729 3760 Casu,
746 3698 999 3768 Hanannvenrr,
1017 3693 1079 3756 viri
1092 3693 1124 3755 in
1139 3695 1202 3757 hoc
1217 3713 1348 3778 genere,

104 3806 161 3869 ubi
179 3802 392 3891 diligentiam,
416 3808 640 3884 assiduitatem,
664 3809 895 3891 perspicaxque
913 3806 1072 3892 ingenium
1091 3817 1230 3887 spectes,
1252 3804 1348 3869 facile

104 3916 276 4002 principis3
299 3941 365 4002 quo
382 3919 507 4003 quidem
525 3933 679 4004 apparatu
692 3920 776 3984 illius
798 3932 871 4002 post
894 3923 1016 3984 obitum
1034 3940 1125 3983 nemo
1144 3920 1248 3981 adhuc
1266 3929 1350 3981 esset

105 4051 199 4108 usus,
231 4053 393 4115 perpauca
414 4032 468 4095 illa
493 4031 520 4095 si
543 4032 701 4116 excipias,
729 4055 808 4119 quae
834 4035 1028 4097 concedente
1050 4030 1278 4117 Hageubucbii
1293 4052 1350 4115 ge·

58 4160 63 4171 ·
105 4163 186 4209 nero
209 4155 304 4229 atque
325 4146 443 4208 herede
467 4145 722 4226 Steinbrychelio
741 4147 773 4208 in
792 4147 911 4210 Museo
935 4144 1194 4208 Turicensi·cum
1217 4142 1351 4206 eruditis

107 4257 348 4321 communicavit
379 4257 614 4343 Hottingerus‚
659 4259 850 4323 venerabilis
879 4261 1038 4343 quondam
1066 4276 1155 4320 meus
1185 4255 1349 4341 magister.

104 4371 221 4454 Ergo,
244 4368 433 4456 simulatque
455 4371 529 4434 huie
552 4372 685 4457 negotio
715 4371 801 4434 licuit
823 4392 956 4446 vacare,
987 4370 1212 4452 amplissimum
1239 4368 1352 4432 inscri-

106 4482 251 4565 ptionum
267 4483 451 4547 Latinarum
467 4486 623 4547 delectum
637 4483 801 4547 instituere
820 4485 960 4560 decrevi,
977 4482 1008 4546 in
1024 4503 1090 4566 quo
1106 4481 1244 4566 quidem,
1262 4481 1349 4560 stilo,
