<?xml version="1.0" encoding="UTF-8"?>
<!DOCTYPE html PUBLIC "-//W3C//DTD XHTML 1.0 Transitional//EN"
    "http://www.w3.org/TR/xhtml1/DTD/xhtml1-transitional.dtd">
<html xmlns="http://www.w3.org/1999/xhtml" xml:lang="en" lang="en">
 <head>
  <title>
</title>
<meta http-equiv="Content-Type" content="text/html;charset=utf-8" />
  <meta name='ocr-system' content='tesseract 3.04.00' />
  <meta name='ocr-capabilities' content='ocr_page ocr_carea ocr_par ocr_line ocrx_word'/>
</head>
<body>
  <div class='ocr_page' id='page_1' title='image "./inscriptionvmla01orelgoog_0522.png"; bbox 0 0 2926 5040; ppageno 0'>
   <div class='ocr_carea' id='block_1_1' title="bbox 552 207 1349 274">
    <p class='ocr_par' dir='ltr' id='par_1_1' title="bbox 552 207 1349 274">
     <span class='ocr_line' id='line_1_1' title="bbox 552 207 1349 274; baseline 0.005 -6"><span class='ocrx_word' id='word_1_1' title='bbox 552 207 822 269; x_wconf 80' lang='lat' dir='ltr'>EPIGRAPHICA</span> <span class='ocrx_word' id='word_1_2' title='bbox 841 208 894 268; x_wconf 84' lang='lat' dir='ltr'>IV.</span> <span class='ocrx_word' id='word_1_3' title='bbox 1294 210 1349 274; x_wconf 79' lang='lat' dir='ltr'>iit</span> 
     </span>
    </p>
   </div>
   <div class='ocr_carea' id='block_1_2' title="bbox 101 340 1383 2838">
    <p class='ocr_par' dir='ltr' id='par_1_2' title="bbox 101 340 1381 2002">
     <span class='ocr_line' id='line_1_2' title="bbox 101 340 1350 420; baseline 0 -23"><span class='ocrx_word' id='word_1_4' title='bbox 101 360 156 407; x_wconf 86' lang='lat' dir='ltr'>seu</span> <span class='ocrx_word' id='word_1_5' title='bbox 176 340 409 396; x_wconf 86' lang='lat' dir='ltr'>subscribentium</span> <span class='ocrx_word' id='word_1_6' title='bbox 429 358 545 396; x_wconf 86' lang='lat' dir='ltr'>numero</span> <span class='ocrx_word' id='word_1_7' title='bbox 564 360 610 396; x_wconf 89' lang='lat' dir='ltr'>me</span> <span class='ocrx_word' id='word_1_8' title='bbox 622 340 730 420; x_wconf 26' lang='lat' dir='ltr'>:babere</span> <span class='ocrx_word' id='word_1_9' title='bbox 748 341 844 399; x_wconf 89' lang='lat' dir='ltr'>nollet.</span> <span class='ocrx_word' id='word_1_10' title='bbox 884 341 928 399; x_wconf 87' lang='lat' dir='ltr'>iii.</span> <span class='ocrx_word' id='word_1_11' title='bbox 946 341 1077 398; x_wconf 76' lang='lat' dir='ltr'>Blsutero</span> <span class='ocrx_word' id='word_1_12' title='bbox 1095 356 1111 395; x_wconf 83' lang='lat' dir='ltr'>a</span> <span class='ocrx_word' id='word_1_13' title='bbox 1130 343 1300 402; x_wconf 85' lang='lat' dir='ltr'>Wartensea</span> <span class='ocrx_word' id='word_1_14' title='bbox 1319 346 1350 397; x_wconf 84' lang='lat' dir='ltr'>io</span> 
     </span>
     <span class='ocr_line' id='line_1_3' title="bbox 103 428 1348 502; baseline -0.001 -11"><span class='ocrx_word' id='word_1_15' title='bbox 103 453 232 491; x_wconf 89' lang='lat' dir='ltr'>sertuoue</span> <span class='ocrx_word' id='word_1_16' title='bbox 262 434 391 489; x_wconf 86' lang='lat' dir='ltr'>iamiliuri</span> <span class='ocrx_word' id='word_1_17' title='bbox 423 440 636 490; x_wconf 75' lang='lat' dir='ltr'>invitamentum</span> <span class='ocrx_word' id='word_1_18' title='bbox 667 451 745 502; x_wconf 79' lang='lat' dir='ltr'>tuum</span> <span class='ocrx_word' id='word_1_19' title='bbox 782 428 1044 491; x_wconf 68' lang='lat' dir='ltr'>benetbleutissime</span> <span class='ocrx_word' id='word_1_20' title='bbox 1082 434 1138 492; x_wconf 84' lang='lat' dir='ltr'>atl···</span> <span class='ocrx_word' id='word_1_21' title='bbox 1153 452 1197 490; x_wconf 86' lang='lat' dir='ltr'>me</span> <span class='ocrx_word' id='word_1_22' title='bbox 1230 440 1348 490; x_wconf 79' lang='lat' dir='ltr'>missum</span> 
     </span>
     <span class='ocr_line' id='line_1_4' title="bbox 103 527 1350 607; baseline 0 -24"><span class='ocrx_word' id='word_1_23' title='bbox 103 545 193 603; x_wconf 73' lang='lat' dir='ltr'>quum</span> <span class='ocrx_word' id='word_1_24' title='bbox 224 528 369 601; x_wconf 75' lang='lat' dir='ltr'>legendum</span> <span class='ocrx_word' id='word_1_25' title='bbox 396 527 507 597; x_wconf 81' lang='lat' dir='ltr'>darem,</span> <span class='ocrx_word' id='word_1_26' title='bbox 542 528 650 607; x_wconf 83' lang='lat' dir='ltr'>nullum</span> <span class='ocrx_word' id='word_1_27' title='bbox 674 528 802 602; x_wconf 85' lang='lat' dir='ltr'>precibus</span> <span class='ocrx_word' id='word_1_28' title='bbox 824 533 893 584; x_wconf 81' lang='lat' dir='ltr'>mels</span> <span class='ocrx_word' id='word_1_29' title='bbox 914 527 1007 584; x_wconf 80' lang='lat' dir='ltr'>locum</span> <span class='ocrx_word' id='word_1_30' title='bbox 1029 530 1186 601; x_wconf 78' lang='lat' dir='ltr'>relinquetis</span> <span class='ocrx_word' id='word_1_31' title='bbox 1208 528 1268 602; x_wconf 79' lang='lat' dir='ltr'>lpse</span> <span class='ocrx_word' id='word_1_32' title='bbox 1289 532 1350 583; x_wconf 74' lang='lat' dir='ltr'>ilus</span> 
     </span>
     <span class='ocr_line' id='line_1_5' title="bbox 104 616 1350 696; baseline 0 -20"><span class='ocrx_word' id='word_1_33' title='bbox 104 639 203 689; x_wconf 82' lang='lat' dir='ltr'>mora,</span> <span class='ocrx_word' id='word_1_34' title='bbox 233 637 263 675; x_wconf 89' lang='lat' dir='ltr'>ut</span> <span class='ocrx_word' id='word_1_35' title='bbox 286 636 327 675; x_wconf 80' lang='lat' dir='ltr'>cst</span> <span class='ocrx_word' id='word_1_36' title='bbox 346 620 488 677; x_wconf 89' lang='lat' dir='ltr'>literarum</span> <span class='ocrx_word' id='word_1_37' title='bbox 508 627 677 696; x_wconf 68' lang='lat' dir='ltr'>optimarum</span> <span class='ocrx_word' id='word_1_38' title='bbox 701 640 759 677; x_wconf 89' lang='lat' dir='ltr'>uon</span> <span class='ocrx_word' id='word_1_39' title='bbox 778 619 862 681; x_wconf 87' lang='lat' dir='ltr'>modo</span> <span class='ocrx_word' id='word_1_40' title='bbox 880 625 1101 688; x_wconf 75' lang='lat' dir='ltr'>amantissimus,</span> <span class='ocrx_word' id='word_1_41' title='bbox 1132 616 1183 675; x_wconf 84' lang='lat' dir='ltr'>setl</span> <span class='ocrx_word' id='word_1_42' title='bbox 1199 636 1227 675; x_wconf 92' lang='lat' dir='ltr'>et</span> <span class='ocrx_word' id='word_1_43' title='bbox 1246 620 1350 676; x_wconf 87' lang='lat' dir='ltr'>callen·</span> 
     </span>
     <span class='ocr_line' id='line_1_6' title="bbox 106 714 1350 791; baseline -0.002 -21"><span class='ocrx_word' id='word_1_44' title='bbox 106 721 247 781; x_wconf 85' lang='lat' dir='ltr'>tissimus‚</span> <span class='ocrx_word' id='word_1_45' title='bbox 275 715 348 769; x_wconf 84' lang='lat' dir='ltr'>huuc</span> <span class='ocrx_word' id='word_1_46' title='bbox 373 715 480 769; x_wconf 82' lang='lat' dir='ltr'>Maiieii</span> <span class='ocrx_word' id='word_1_47' title='bbox 503 714 605 770; x_wconf 88' lang='lat' dir='ltr'>librum</span> <span class='ocrx_word' id='word_1_48' title='bbox 624 715 816 791; x_wconf 72' lang='lat' dir='ltr'>bibliothecae</span> <span class='ocrx_word' id='word_1_49' title='bbox 839 718 942 769; x_wconf 81' lang='lat' dir='ltr'>citium</span> <span class='ocrx_word' id='word_1_50' title='bbox 968 714 1179 781; x_wconf 65' lang='lat' dir='ltr'>Tuticanum,</span> <span class='ocrx_word' id='word_1_51' title='bbox 1206 719 1252 769; x_wconf 86' lang='lat' dir='ltr'>cui</span> <span class='ocrx_word' id='word_1_52' title='bbox 1273 728 1350 769; x_wconf 80' lang='lat' dir='ltr'>tants</span> 
     </span>
     <span class='ocr_line' id='line_1_7' title="bbox 104 805 1353 882; baseline -0.002 -19"><span class='ocrx_word' id='word_1_53' title='bbox 104 824 171 863; x_wconf 81' lang='lat' dir='ltr'>cum</span> <span class='ocrx_word' id='word_1_54' title='bbox 195 807 275 862; x_wconf 80' lang='lat' dir='ltr'>laude</span> <span class='ocrx_word' id='word_1_55' title='bbox 299 825 422 881; x_wconf 78' lang='lat' dir='ltr'>praeest,</span> <span class='ocrx_word' id='word_1_56' title='bbox 459 826 505 862; x_wconf 91' lang='lat' dir='ltr'>me</span> <span class='ocrx_word' id='word_1_57' title='bbox 524 825 681 882; x_wconf 89' lang='lat' dir='ltr'>comparare</span> <span class='ocrx_word' id='word_1_58' title='bbox 699 813 790 863; x_wconf 89' lang='lat' dir='ltr'>iussit.</span> <span class='ocrx_word' id='word_1_59' title='bbox 827 807 1005 863; x_wconf 86' lang='lat' dir='ltr'>Clarissimus</span> <span class='ocrx_word' id='word_1_60' title='bbox 1026 825 1133 881; x_wconf 86' lang='lat' dir='ltr'>quoque</span> <span class='ocrx_word' id='word_1_61' title='bbox 1152 805 1224 880; x_wconf 87' lang='lat' dir='ltr'>apud</span> <span class='ocrx_word' id='word_1_62' title='bbox 1247 809 1353 880; x_wconf 67' lang='lat' dir='ltr'>Argen·</span> 
     </span>
     <span class='ocr_line' id='line_1_8' title="bbox 104 898 1351 976; baseline -0.002 -19"><span class='ocrx_word' id='word_1_63' title='bbox 104 916 262 957; x_wconf 86' lang='lat' dir='ltr'>toratenses</span> <span class='ocrx_word' id='word_1_64' title='bbox 288 900 447 969; x_wconf 75' lang='lat' dir='ltr'>Proierror,</span> <span class='ocrx_word' id='word_1_65' title='bbox 465 903 508 957; x_wconf 87' lang='lat' dir='ltr'>lo.</span> <span class='ocrx_word' id='word_1_66' title='bbox 528 905 599 957; x_wconf 88' lang='lat' dir='ltr'>Dan.</span> <span class='ocrx_word' id='word_1_67' title='bbox 620 899 831 976; x_wconf 84' lang='lat' dir='ltr'>Sohoeplliout,</span> <span class='ocrx_word' id='word_1_68' title='bbox 849 916 866 955; x_wconf 87' lang='lat' dir='ltr'>a</span> <span class='ocrx_word' id='word_1_69' title='bbox 883 918 928 955; x_wconf 87' lang='lat' dir='ltr'>me</span> <span class='ocrx_word' id='word_1_70' title='bbox 946 918 996 975; x_wconf 93' lang='lat' dir='ltr'>per</span> <span class='ocrx_word' id='word_1_71' title='bbox 1008 899 1102 955; x_wconf 81' lang='lat' dir='ltr'>literas</span> <span class='ocrx_word' id='word_1_72' title='bbox 1115 905 1239 955; x_wconf 87' lang='lat' dir='ltr'>monitus</span> <span class='ocrx_word' id='word_1_73' title='bbox 1258 898 1351 955; x_wconf 76' lang='lat' dir='ltr'>(lando</span> 
     </span>
     <span class='ocr_line' id='line_1_9' title="bbox 106 995 1351 1068; baseline -0.001 -19"><span class='ocrx_word' id='word_1_74' title='bbox 106 1001 224 1050; x_wconf 85' lang='lat' dir='ltr'>nomine</span> <span class='ocrx_word' id='word_1_75' title='bbox 242 1012 293 1048; x_wconf 84' lang='lat' dir='ltr'>suo</span> <span class='ocrx_word' id='word_1_76' title='bbox 312 995 522 1068; x_wconf 69' lang='lat' dir='ltr'>praeclarissimi</span> <span class='ocrx_word' id='word_1_77' title='bbox 541 1000 631 1068; x_wconf 86' lang='lat' dir='ltr'>operis</span> <span class='ocrx_word' id='word_1_78' title='bbox 651 999 802 1049; x_wconf 72' lang='lat' dir='ltr'>editionem</span> <span class='ocrx_word' id='word_1_79' title='bbox 822 1012 851 1047; x_wconf 88' lang='lat' dir='ltr'>se</span> <span class='ocrx_word' id='word_1_80' title='bbox 875 1011 1068 1068; x_wconf 80' lang='lat' dir='ltr'>promoturum</span> <span class='ocrx_word' id='word_1_81' title='bbox 1088 997 1240 1067; x_wconf 71' lang='lat' dir='ltr'>resculpsit.</span> <span class='ocrx_word' id='word_1_82' title='bbox 1287 995 1351 1048; x_wconf 87' lang='lat' dir='ltr'>Duo</span> 
     </span>
     <span class='ocr_line' id='line_1_10' title="bbox 107 1087 1351 1161; baseline 0 -19"><span class='ocrx_word' id='word_1_83' title='bbox 107 1106 176 1160; x_wconf 66' lang='lat' dir='ltr'>ergo</span> <span class='ocrx_word' id='word_1_84' title='bbox 205 1103 302 1142; x_wconf 75' lang='lat' dir='ltr'>eureos</span> <span class='ocrx_word' id='word_1_85' title='bbox 326 1097 444 1142; x_wconf 79' lang='lat' dir='ltr'>venetos</span> <span class='ocrx_word' id='word_1_86' title='bbox 473 1093 627 1161; x_wconf 78' lang='lat' dir='ltr'>Augustino</span> <span class='ocrx_word' id='word_1_87' title='bbox 644 1089 808 1142; x_wconf 81' lang='lat' dir='ltr'>Carattouio</span> <span class='ocrx_word' id='word_1_88' title='bbox 825 1090 950 1142; x_wconf 82' lang='lat' dir='ltr'>Veronae</span> <span class='ocrx_word' id='word_1_89' title='bbox 970 1087 1040 1141; x_wconf 81' lang='lat' dir='ltr'>solvi</span> <span class='ocrx_word' id='word_1_90' title='bbox 1058 1087 1164 1143; x_wconf 87' lang='lat' dir='ltr'>curabit</span> <span class='ocrx_word' id='word_1_91' title='bbox 1180 1087 1351 1143; x_wconf 84' lang='lat' dir='ltr'>Pestalueiut</span> 
     </span>
     <span class='ocr_line' id='line_1_11' title="bbox 108 1178 1353 1254; baseline 0 -20"><span class='ocrx_word' id='word_1_92' title='bbox 108 1196 223 1245; x_wconf 79' lang='lat' dir='ltr'>noster,</span> <span class='ocrx_word' id='word_1_93' title='bbox 241 1178 358 1233; x_wconf 82' lang='lat' dir='ltr'>alterum</span> <span class='ocrx_word' id='word_1_94' title='bbox 376 1179 514 1246; x_wconf 78' lang='lat' dir='ltr'>iilaureri,</span> <span class='ocrx_word' id='word_1_95' title='bbox 533 1179 649 1234; x_wconf 79' lang='lat' dir='ltr'>alterum</span> <span class='ocrx_word' id='word_1_96' title='bbox 665 1179 837 1254; x_wconf 81' lang='lat' dir='ltr'>Schoeplliul</span> <span class='ocrx_word' id='word_1_97' title='bbox 859 1185 984 1237; x_wconf 88' lang='lat' dir='ltr'>nomine.</span> <span class='ocrx_word' id='word_1_98' title='bbox 1020 1183 1076 1250; x_wconf 90' lang='lat' dir='ltr'>Qui</span> <span class='ocrx_word' id='word_1_99' title='bbox 1095 1179 1261 1253; x_wconf 86' lang='lat' dir='ltr'>reliquarum</span> <span class='ocrx_word' id='word_1_100' title='bbox 1286 1179 1353 1234; x_wconf 85' lang='lat' dir='ltr'>liel-</span> 
     </span>
     <span class='ocr_line' id='line_1_12' title="bbox 110 1270 1381 1348; baseline -0.004 -20"><span class='ocrx_word' id='word_1_101' title='bbox 110 1278 200 1328; x_wconf 74' lang='lat' dir='ltr'>retiae</span> <span class='ocrx_word' id='word_1_102' title='bbox 216 1277 361 1327; x_wconf 69' lang='lat' dir='ltr'>civitatum</span> <span class='ocrx_word' id='word_1_103' title='bbox 381 1270 561 1327; x_wconf 82' lang='lat' dir='ltr'>bibliothecis</span> <span class='ocrx_word' id='word_1_104' title='bbox 580 1273 698 1347; x_wconf 89' lang='lat' dir='ltr'>publicis</span> <span class='ocrx_word' id='word_1_105' title='bbox 723 1271 855 1348; x_wconf 87' lang='lat' dir='ltr'>praelecti</span> <span class='ocrx_word' id='word_1_106' title='bbox 877 1288 957 1342; x_wconf 87' lang='lat' dir='ltr'>sunt,</span> <span class='ocrx_word' id='word_1_107' title='bbox 975 1274 1127 1327; x_wconf 79' lang='lat' dir='ltr'>Maileiuno</span> <span class='ocrx_word' id='word_1_108' title='bbox 1145 1289 1191 1329; x_wconf 87' lang='lat' dir='ltr'>eas</span> <span class='ocrx_word' id='word_1_109' title='bbox 1206 1288 1289 1347; x_wconf 83' lang='lat' dir='ltr'>opere</span> <span class='ocrx_word' id='word_1_110' title='bbox 1307 1290 1353 1327; x_wconf 87' lang='lat' dir='ltr'>or-</span> <span class='ocrx_word' id='word_1_111' title='bbox 1374 1311 1381 1323; x_wconf 87' lang='lat'>.</span> 
     </span>
     <span class='ocr_line' id='line_1_13' title="bbox 109 1364 1354 1439; baseline 0.002 -19"><span class='ocrx_word' id='word_1_112' title='bbox 109 1371 173 1420; x_wconf 81' lang='lat' dir='ltr'>nari</span> <span class='ocrx_word' id='word_1_113' title='bbox 192 1365 275 1434; x_wconf 80' lang='lat' dir='ltr'>aelle,</span> <span class='ocrx_word' id='word_1_114' title='bbox 306 1364 435 1439; x_wconf 84' lang='lat' dir='ltr'>despero:</span> <span class='ocrx_word' id='word_1_115' title='bbox 467 1371 506 1419; x_wconf 89' lang='lat' dir='ltr'>ita</span> <span class='ocrx_word' id='word_1_116' title='bbox 524 1366 620 1422; x_wconf 86' lang='lat' dir='ltr'>literae</span> <span class='ocrx_word' id='word_1_117' title='bbox 634 1372 805 1435; x_wconf 81' lang='lat' dir='ltr'>amicorum,</span> <span class='ocrx_word' id='word_1_118' title='bbox 831 1382 899 1439; x_wconf 90' lang='lat' dir='ltr'>quos</span> <span class='ocrx_word' id='word_1_119' title='bbox 919 1371 949 1421; x_wconf 86' lang='lat' dir='ltr'>iu</span> <span class='ocrx_word' id='word_1_120' title='bbox 967 1366 1037 1420; x_wconf 89' lang='lat' dir='ltr'>locis</span> <span class='ocrx_word' id='word_1_121' title='bbox 1054 1370 1116 1420; x_wconf 90' lang='lat' dir='ltr'>istis</span> <span class='ocrx_word' id='word_1_122' title='bbox 1131 1365 1235 1433; x_wconf 79' lang='lat' dir='ltr'>babeo,</span> <span class='ocrx_word' id='word_1_123' title='bbox 1260 1365 1354 1423; x_wconf 86' lang='lat' dir='ltr'>silent.</span> 
     </span>
     <span class='ocr_line' id='line_1_14' title="bbox 112 1451 1356 1535; baseline -0.003 -20"><span class='ocrx_word' id='word_1_124' title='bbox 112 1461 156 1515; x_wconf 86' lang='lat' dir='ltr'>De</span> <span class='ocrx_word' id='word_1_125' title='bbox 175 1457 353 1513; x_wconf 75' lang='lat' dir='ltr'>bibliothecis</span> <span class='ocrx_word' id='word_1_126' title='bbox 373 1465 402 1514; x_wconf 89' lang='lat' dir='ltr'>in</span> <span class='ocrx_word' id='word_1_127' title='bbox 420 1451 543 1514; x_wconf 76' lang='lat' dir='ltr'>Helvetii</span> <span class='ocrx_word' id='word_1_128' title='bbox 564 1465 677 1535; x_wconf 73' lang='lat' dir='ltr'>peitatis</span> <span class='ocrx_word' id='word_1_129' title='bbox 697 1460 795 1533; x_wconf 85' lang='lat' dir='ltr'>ecquid</span> <span class='ocrx_word' id='word_1_130' title='bbox 814 1461 942 1534; x_wconf 89' lang='lat' dir='ltr'>speremi</span> <span class='ocrx_word' id='word_1_131' title='bbox 960 1460 1030 1528; x_wconf 85' lang='lat' dir='ltr'>Quis</span> <span class='ocrx_word' id='word_1_132' title='bbox 1047 1458 1240 1534; x_wconf 84' lang='lat' dir='ltr'>comparabiti</span> <span class='ocrx_word' id='word_1_133' title='bbox 1276 1458 1356 1530; x_wconf 81' lang='lat' dir='ltr'>,Vel</span> 
     </span>
     <span class='ocr_line' id='line_1_15' title="bbox 112 1551 1354 1624; baseline 0.001 -19"><span class='ocrx_word' id='word_1_134' title='bbox 112 1552 181 1605; x_wconf 78' lang='lat' dir='ltr'>duo</span> <span class='ocrx_word' id='word_1_135' title='bbox 200 1551 370 1605; x_wconf 71' lang='lat' dir='ltr'>veliterno.</span> <span class='ocrx_word' id='word_1_136' title='bbox 403 1552 496 1624; x_wconf 79' lang='lat' dir='ltr'>Turpe</span> <span class='ocrx_word' id='word_1_137' title='bbox 514 1561 543 1605; x_wconf 84' lang='lat' dir='ltr'>ei</span> <span class='ocrx_word' id='word_1_138' title='bbox 560 1554 804 1609; x_wconf 82' lang='lat' dir='ltr'>tttt‘serabt&#39;le....</span> <span class='ocrx_word' id='word_1_139' title='bbox 831 1551 976 1608; x_wconf 82' lang='lat' dir='ltr'>Gaudeant</span> <span class='ocrx_word' id='word_1_140' title='bbox 994 1552 1169 1607; x_wconf 73' lang='lat' dir='ltr'>Laurentius</span> <span class='ocrx_word' id='word_1_141' title='bbox 1184 1557 1242 1607; x_wconf 81' lang='lat' dir='ltr'>suls</span> <span class='ocrx_word' id='word_1_142' title='bbox 1261 1555 1354 1606; x_wconf 64' lang='lat' dir='ltr'>colio»</span> 
     </span>
     <span class='ocr_line' id='line_1_16' title="bbox 113 1632 1355 1722; baseline 0.002 -24"><span class='ocrx_word' id='word_1_143' title='bbox 113 1644 294 1721; x_wconf 84' lang='lat' dir='ltr'>ptioualibus.</span> <span class='ocrx_word' id='word_1_144' title='bbox 333 1644 451 1699; x_wconf 88' lang='lat' dir='ltr'>Sordent</span> <span class='ocrx_word' id='word_1_145' title='bbox 472 1646 692 1722; x_wconf 29' lang='lat' dir='ltr'>plurimislaputl</span> <span class='ocrx_word' id='word_1_146' title='bbox 709 1665 759 1701; x_wconf 90' lang='lat' dir='ltr'>nos</span> <span class='ocrx_word' id='word_1_147' title='bbox 776 1645 872 1700; x_wconf 87' lang='lat' dir='ltr'>literae</span> <span class='ocrx_word' id='word_1_148' title='bbox 886 1632 1075 1711; x_wconf 46' lang='lat' dir='ltr'>omnessnon</span> <span class='ocrx_word' id='word_1_149' title='bbox 1095 1646 1271 1718; x_wconf 74' lang='lat' dir='ltr'>humaniores</span> <span class='ocrx_word' id='word_1_150' title='bbox 1293 1661 1355 1701; x_wconf 83' lang='lat' dir='ltr'>tan·</span> 
     </span>
     <span class='ocr_line' id='line_1_17' title="bbox 112 1724 1356 1819; baseline -0.002 -27"><span class='ocrx_word' id='word_1_151' title='bbox 112 1755 190 1819; x_wconf 69' lang='lat' dir='ltr'>tum,</span> <span class='ocrx_word' id='word_1_152' title='bbox 223 1743 287 1810; x_wconf 85' lang='lat' dir='ltr'>quia</span> <span class='ocrx_word' id='word_1_153' title='bbox 306 1738 397 1792; x_wconf 89' lang='lat' dir='ltr'>nullas</span> <span class='ocrx_word' id='word_1_154' title='bbox 417 1737 584 1795; x_wconf 85' lang='lat' dir='ltr'>didicerunt.</span> <span class='ocrx_word' id='word_1_155' title='bbox 621 1740 650 1795; x_wconf 81' lang='lat' dir='ltr'>Si</span> <span class='ocrx_word' id='word_1_156' title='bbox 674 1745 820 1812; x_wconf 83' lang='lat' dir='ltr'>quisunt,</span> <span class='ocrx_word' id='word_1_157' title='bbox 848 1743 895 1811; x_wconf 87' lang='lat' dir='ltr'>qui</span> <span class='ocrx_word' id='word_1_158' title='bbox 916 1737 1019 1813; x_wconf 86' lang='lat' dir='ltr'>oppido</span> <span class='ocrx_word' id='word_1_159' title='bbox 1041 1744 1121 1812; x_wconf 84' lang='lat' dir='ltr'>pauci</span> <span class='ocrx_word' id='word_1_160' title='bbox 1141 1724 1221 1807; x_wconf 70' lang='lat' dir='ltr'>sunt,</span> <span class='ocrx_word' id='word_1_161' title='bbox 1252 1744 1299 1812; x_wconf 85' lang='lat' dir='ltr'>qul</span> <span class='ocrx_word' id='word_1_162' title='bbox 1316 1739 1356 1791; x_wconf 84' lang='lat' dir='ltr'>les</span> 
     </span>
     <span class='ocr_line' id='line_1_18' title="bbox 112 1829 1357 1912; baseline 0.008 -30"><span class='ocrx_word' id='word_1_163' title='bbox 112 1831 199 1883; x_wconf 81' lang='lat' dir='ltr'>belles</span> <span class='ocrx_word' id='word_1_164' title='bbox 218 1831 332 1899; x_wconf 80' lang='lat' dir='ltr'>letires,</span> <span class='ocrx_word' id='word_1_165' title='bbox 379 1834 578 1907; x_wconf 86' lang='lat' dir='ltr'>inscriptiones</span> <span class='ocrx_word' id='word_1_166' title='bbox 607 1839 733 1907; x_wconf 79' lang='lat' dir='ltr'>antiquas</span> <span class='ocrx_word' id='word_1_167' title='bbox 760 1849 814 1888; x_wconf 87' lang='lat' dir='ltr'>cet.</span> <span class='ocrx_word' id='word_1_168' title='bbox 840 1831 949 1903; x_wconf 82' lang='lat' dir='ltr'>am&#39;ent,</span> <span class='ocrx_word' id='word_1_169' title='bbox 998 1848 1045 1888; x_wconf 87' lang='lat' dir='ltr'>eas</span> <span class='ocrx_word' id='word_1_170' title='bbox 1064 1832 1184 1890; x_wconf 76' lang='lat' dir='ltr'>fitentur</span> <span class='ocrx_word' id='word_1_171' title='bbox 1201 1829 1281 1899; x_wconf 69' lang='grc' dir='ltr'><strong><em>εἶδος</em></strong></span> <span class='ocrx_word' id='word_1_172' title='bbox 1297 1833 1357 1912; x_wconf 69' lang='grc' dir='ltr'>μὲν</span> 
     </span>
     <span class='ocr_line' id='line_1_19' title="bbox 115 1921 850 2002; baseline -0.003 -20"><span class='ocrx_word' id='word_1_173' title='bbox 115 1923 249 2002; x_wconf 72' lang='grc' dir='ltr'><strong><em>ἀρίστας</em></strong></span> <span class='ocrx_word' id='word_1_174' title='bbox 254 1967 264 1994; x_wconf 84' lang='grc'><strong><em>,</em></strong></span> <span class='ocrx_word' id='word_1_175' title='bbox 282 1940 312 1978; x_wconf 88' lang='lat' dir='ltr'>at</span> <span class='ocrx_word' id='word_1_176' title='bbox 327 1921 493 1990; x_wconf 74' lang='grc' dir='ltr'><em>ἁναέδνους</em></span> <span class='ocrx_word' id='word_1_177' title='bbox 511 1943 570 1980; x_wconf 90' lang='lat' dir='ltr'>esse</span> <span class='ocrx_word' id='word_1_178' title='bbox 590 1945 675 2000; x_wconf 86' lang='lat' dir='ltr'>usque</span> <span class='ocrx_word' id='word_1_179' title='bbox 693 1928 850 1982; x_wconf 88' lang='lat' dir='ltr'>clamitant.</span> 
     </span>
    </p>

    <p class='ocr_par' dir='ltr' id='par_1_3' title="bbox 116 2015 1383 2650">
     <span class='ocr_line' id='line_1_20' title="bbox 196 2015 1358 2091; baseline 0.002 -19"><span class='ocrx_word' id='word_1_180' title='bbox 196 2015 254 2076; x_wconf 77' lang='grc' dir='ltr'>Τὸν</span> <span class='ocrx_word' id='word_1_181' title='bbox 268 2015 349 2075; x_wconf 78' lang='grc' dir='ltr'>πάνυ</span> <span class='ocrx_word' id='word_1_182' title='bbox 367 2017 597 2072; x_wconf 72' lang='grc' dir='ltr'>ΒοκΙιὶσνὶιυη</span> <span class='ocrx_word' id='word_1_183' title='bbox 616 2019 849 2086; x_wconf 69' lang='lat' dir='ltr'>ueniundum,</span> <span class='ocrx_word' id='word_1_184' title='bbox 881 2035 909 2074; x_wconf 81' lang='lat' dir='ltr'>ei</span> <span class='ocrx_word' id='word_1_185' title='bbox 924 2023 968 2074; x_wconf 80' lang='lat' dir='ltr'>vix</span> <span class='ocrx_word' id='word_1_186' title='bbox 989 2018 1105 2091; x_wconf 74' lang='lat' dir='ltr'>elugebo</span> <span class='ocrx_word' id='word_1_187' title='bbox 1123 2033 1262 2091; x_wconf 77' lang='lat' dir='ltr'>unquam,</span> <span class='ocrx_word' id='word_1_188' title='bbox 1290 2017 1358 2075; x_wconf 77' lang='lat' dir='ltr'>iiiito</span> 
     </span>
     <span class='ocr_line' id='line_1_21' title="bbox 116 2105 1383 2187; baseline 0.003 -26"><span class='ocrx_word' id='word_1_189' title='bbox 116 2105 275 2182; x_wconf 82' lang='lat' dir='ltr'>profectum</span> <span class='ocrx_word' id='word_1_190' title='bbox 288 2110 358 2162; x_wconf 82' lang='lat' dir='ltr'>unde</span> <span class='ocrx_word' id='word_1_191' title='bbox 370 2120 479 2181; x_wconf 78' lang='lat' dir='ltr'>negant</span> <span class='ocrx_word' id='word_1_192' title='bbox 496 2113 588 2165; x_wconf 81' lang='lat' dir='ltr'>redire</span> <span class='ocrx_word' id='word_1_193' title='bbox 606 2118 774 2185; x_wconf 79' lang='lat' dir='ltr'>quetnqltum.</span> <span class='ocrx_word' id='word_1_194' title='bbox 801 2114 922 2187; x_wconf 69' lang='lat' dir='ltr'>Accepta</span> <span class='ocrx_word' id='word_1_195' title='bbox 940 2128 1031 2166; x_wconf 86' lang='lat' dir='ltr'>tamen</span> <span class='ocrx_word' id='word_1_196' title='bbox 1050 2112 1098 2166; x_wconf 84' lang='lat' dir='ltr'>abs</span> <span class='ocrx_word' id='word_1_197' title='bbox 1113 2128 1140 2165; x_wconf 90' lang='lat' dir='ltr'>te</span> <span class='ocrx_word' id='word_1_198' title='bbox 1156 2111 1273 2186; x_wconf 77' lang='lat' dir='ltr'>epistola</span> <span class='ocrx_word' id='word_1_199' title='bbox 1288 2113 1359 2172; x_wconf 70' lang='lat' dir='ltr'>mibi</span> <span class='ocrx_word' id='word_1_200' title='bbox 1380 2116 1383 2120; x_wconf 53' lang='lat'><strong><em>⁴</em></strong></span> 
     </span>
     <span class='ocr_line' id='line_1_22' title="bbox 118 2188 1360 2279; baseline 0.002 -24"><span class='ocrx_word' id='word_1_201' title='bbox 118 2217 183 2255; x_wconf 78' lang='lat' dir='ltr'>euna</span> <span class='ocrx_word' id='word_1_202' title='bbox 192 2202 315 2270; x_wconf 81' lang='lat' dir='ltr'>rediisse,</span> <span class='ocrx_word' id='word_1_203' title='bbox 322 2188 460 2258; x_wconf 86' lang='lat' dir='ltr'>cummihl</span> <span class='ocrx_word' id='word_1_204' title='bbox 472 2204 809 2278; x_wconf 72' lang='lat' dir='ltr'>revixissequodururrtodo</span> <span class='ocrx_word' id='word_1_205' title='bbox 817 2210 972 2260; x_wconf 83' lang='lat' dir='ltr'>existimare</span> <span class='ocrx_word' id='word_1_206' title='bbox 983 2210 1221 2279; x_wconf 79' lang='lat' dir='ltr'>coepi‚meuutque</span> <span class='ocrx_word' id='word_1_207' title='bbox 1234 2209 1274 2262; x_wconf 82' lang='lat' dir='ltr'>itu</span> <span class='ocrx_word' id='word_1_208' title='bbox 1284 2221 1360 2262; x_wconf 66' lang='lat' dir='ltr'>mesi·</span> 
     </span>
     <span class='ocr_line' id='line_1_23' title="bbox 119 2295 1363 2372; baseline 0.006 -26"><span class='ocrx_word' id='word_1_209' title='bbox 119 2312 222 2362; x_wconf 80' lang='lat' dir='ltr'>rorem,</span> <span class='ocrx_word' id='word_1_210' title='bbox 234 2295 601 2367; x_wconf 84' lang='lat' dir='ltr'>quemuullocousulauilem</span> <span class='ocrx_word' id='word_1_211' title='bbox 614 2298 697 2352; x_wconf 89' lang='lat' dir='ltr'>modu</span> <span class='ocrx_word' id='word_1_212' title='bbox 705 2298 843 2372; x_wconf 69' lang='lat' dir='ltr'>putabunt,</span> <span class='ocrx_word' id='word_1_213' title='bbox 853 2300 988 2372; x_wconf 87' lang='lat' dir='ltr'>ipsemihi</span> <span class='ocrx_word' id='word_1_214' title='bbox 996 2299 1066 2354; x_wconf 84' lang='lat' dir='ltr'>letto.</span> <span class='ocrx_word' id='word_1_215' title='bbox 1089 2302 1182 2370; x_wconf 91' lang='lat' dir='ltr'>Quum</span> <span class='ocrx_word' id='word_1_216' title='bbox 1197 2303 1269 2352; x_wconf 87' lang='lat' dir='ltr'>enim</span> <span class='ocrx_word' id='word_1_217' title='bbox 1285 2296 1363 2354; x_wconf 78' lang='lat' dir='ltr'>illum</span> 
     </span>
     <span class='ocr_line' id='line_1_24' title="bbox 119 2375 1364 2466; baseline 0.005 -27"><span class='ocrx_word' id='word_1_218' title='bbox 119 2386 888 2459; x_wconf 68' lang='lat' dir='ltr'>eruorhabentemtxxiiiumttirrem,iiiiii-311iarn</span> <span class='ocrx_word' id='word_1_219' title='bbox 898 2375 1025 2446; x_wconf 83' lang='lat' dir='ltr'>lavoreet</span> <span class='ocrx_word' id='word_1_220' title='bbox 1036 2394 1364 2466; x_wconf 79' lang='lat' dir='ltr'>patrocinioutiinoiplc,</span> 
     </span>
     <span class='ocr_line' id='line_1_25' title="bbox 120 2480 1361 2558; baseline 0.003 -24"><span class='ocrx_word' id='word_1_221' title='bbox 120 2480 238 2535; x_wconf 87' lang='lat' dir='ltr'>totidem</span> <span class='ocrx_word' id='word_1_222' title='bbox 258 2487 437 2548; x_wconf 74' lang='lat' dir='ltr'>annositati,</span> <span class='ocrx_word' id='word_1_223' title='bbox 465 2501 495 2537; x_wconf 92' lang='lat' dir='ltr'>ut</span> <span class='ocrx_word' id='word_1_224' title='bbox 518 2484 633 2545; x_wconf 80' lang='lat' dir='ltr'>scribit3</span> <span class='ocrx_word' id='word_1_225' title='bbox 665 2484 693 2539; x_wconf 87' lang='lat' dir='ltr'>id</span> <span class='ocrx_word' id='word_1_226' title='bbox 710 2483 783 2556; x_wconf 89' lang='lat' dir='ltr'>quod</span> <span class='ocrx_word' id='word_1_227' title='bbox 800 2503 844 2539; x_wconf 93' lang='lat' dir='ltr'>me</span> <span class='ocrx_word' id='word_1_228' title='bbox 860 2486 1100 2540; x_wconf 81' lang='lat' dir='ltr'>vehementissime</span> <span class='ocrx_word' id='word_1_229' title='bbox 1118 2500 1226 2555; x_wconf 79' lang='lat' dir='ltr'>movet,</span> <span class='ocrx_word' id='word_1_230' title='bbox 1256 2498 1287 2540; x_wconf 88' lang='lat' dir='ltr'>ttt</span> <span class='ocrx_word' id='word_1_231' title='bbox 1308 2500 1361 2558; x_wconf 85' lang='lat' dir='ltr'>pto</span> 
     </span>
     <span class='ocr_line' id='line_1_26' title="bbox 119 2574 1066 2650; baseline 0.004 -23"><span class='ocrx_word' id='word_1_232' title='bbox 119 2575 181 2627; x_wconf 82' lang='lat' dir='ltr'>Tua</span> <span class='ocrx_word' id='word_1_233' title='bbox 202 2574 393 2629; x_wconf 74' lang='lat' dir='ltr'>incolumitate</span> <span class='ocrx_word' id='word_1_234' title='bbox 412 2576 489 2630; x_wconf 83' lang='lat' dir='ltr'>DEO</span> <span class='ocrx_word' id='word_1_235' title='bbox 506 2577 542 2631; x_wconf 90' lang='grc' dir='ltr'>Ο.</span> <span class='ocrx_word' id='word_1_236' title='bbox 565 2579 606 2632; x_wconf 87' lang='grc' dir='ltr'>Μ.</span> <span class='ocrx_word' id='word_1_237' title='bbox 630 2578 743 2650; x_wconf 79' lang='lat' dir='ltr'>rupplex</span> <span class='ocrx_word' id='word_1_238' title='bbox 762 2595 824 2633; x_wconf 79' lang='lat' dir='ltr'>vote</span> <span class='ocrx_word' id='word_1_239' title='bbox 845 2576 956 2632; x_wconf 75' lang='lat' dir='ltr'>faciam.</span> <span class='ocrx_word' id='word_1_240' title='bbox 1063 2605 1066 2611; x_wconf 94' lang='lat'>·</span> 
     </span>
    </p>

    <p class='ocr_par' dir='ltr' id='par_1_4' title="bbox 120 2666 1365 2838">
     <span class='ocr_line' id='line_1_27' title="bbox 159 2666 1364 2744; baseline 0.002 -25"><span class='ocrx_word' id='word_1_241' title='bbox 159 2674 162 2678; x_wconf 87' lang='grc'><strong><em>’</em></strong></span> <span class='ocrx_word' id='word_1_242' title='bbox 199 2666 333 2739; x_wconf 79' lang='lat' dir='ltr'>(Reliqua</span> <span class='ocrx_word' id='word_1_243' title='bbox 350 2669 430 2721; x_wconf 87' lang='lat' dir='ltr'>huius</span> <span class='ocrx_word' id='word_1_244' title='bbox 450 2669 581 2742; x_wconf 77' lang='lat' dir='ltr'>epistolae</span> <span class='ocrx_word' id='word_1_245' title='bbox 603 2687 681 2743; x_wconf 77' lang='lat' dir='ltr'>pugg.</span> <span class='ocrx_word' id='word_1_246' title='bbox 701 2673 746 2729; x_wconf 83' lang='lat'>56.</span> <span class='ocrx_word' id='word_1_247' title='bbox 768 2668 857 2723; x_wconf 79' lang='lat' dir='ltr'>intutu</span> <span class='ocrx_word' id='word_1_248' title='bbox 882 2686 977 2742; x_wconf 89' lang='lat' dir='ltr'>quarta</span> <span class='ocrx_word' id='word_1_249' title='bbox 996 2675 1113 2723; x_wconf 86' lang='lat' dir='ltr'>minutis</span> <span class='ocrx_word' id='word_1_250' title='bbox 1134 2669 1222 2724; x_wconf 86' lang='lat' dir='ltr'>literis</span> <span class='ocrx_word' id='word_1_251' title='bbox 1242 2673 1364 2744; x_wconf 75' lang='lat' dir='ltr'>scripta,</span> 
     </span>
     <span class='ocr_line' id='line_1_28' title="bbox 120 2757 1365 2838; baseline 0.008 -27"><span class='ocrx_word' id='word_1_252' title='bbox 120 2757 229 2832; x_wconf 88' lang='lat' dir='ltr'>publici</span> <span class='ocrx_word' id='word_1_253' title='bbox 246 2762 313 2815; x_wconf 90' lang='lat' dir='ltr'>iuris</span> <span class='ocrx_word' id='word_1_254' title='bbox 332 2759 421 2814; x_wconf 81' lang='lat' dir='ltr'>lucere</span> <span class='ocrx_word' id='word_1_255' title='bbox 444 2779 501 2817; x_wconf 89' lang='lat' dir='ltr'>nou</span> <span class='ocrx_word' id='word_1_256' title='bbox 516 2781 600 2836; x_wconf 82' lang='lat' dir='ltr'>queo;</span> <span class='ocrx_word' id='word_1_257' title='bbox 620 2783 707 2836; x_wconf 83' lang='lat' dir='ltr'>nuque</span> <span class='ocrx_word' id='word_1_258' title='bbox 728 2768 802 2817; x_wconf 84' lang='lat' dir='ltr'>enirn</span> <span class='ocrx_word' id='word_1_259' title='bbox 820 2763 847 2816; x_wconf 90' lang='lat' dir='ltr'>id</span> <span class='ocrx_word' id='word_1_260' title='bbox 863 2770 1007 2838; x_wconf 87' lang='lat' dir='ltr'>patiuntur</span> <span class='ocrx_word' id='word_1_261' title='bbox 1022 2762 1205 2838; x_wconf 87' lang='lat' dir='ltr'>redemptoris</span> <span class='ocrx_word' id='word_1_262' title='bbox 1220 2768 1365 2834; x_wconf 83' lang='lat' dir='ltr'>rationes.)</span> 
     </span>
    </p>
   </div>
   <div class='ocr_carea' id='block_1_3' title="bbox 575 2970 920 2986">
    <p class='ocr_par' dir='ltr' id='par_1_5' title="bbox 575 2970 920 2986">
     <span class='ocr_line' id='line_1_29' title="bbox 575 2970 920 2986; baseline 0.009 -4"><span class='ocrx_word' id='word_1_263' title='bbox 575 2970 920 2986; x_wconf 52' lang='lat' dir='ltr'>-ffl</span> 
     </span>
    </p>
   </div>
   <div class='ocr_carea' id='block_1_4' title="bbox 712 3192 764 3248">
    <p class='ocr_par' dir='ltr' id='par_1_6' title="bbox 712 3192 764 3248">
     <span class='ocr_line' id='line_1_30' title="bbox 712 3192 764 3248; baseline 0 -1"><span class='ocrx_word' id='word_1_264' title='bbox 712 3192 764 3248; x_wconf 86' lang='lat' dir='ltr'>iv.</span> 
     </span>
    </p>
   </div>
   <div class='ocr_carea' id='block_1_5' title="bbox 452 3311 1043 3373">
    <p class='ocr_par' dir='ltr' id='par_1_7' title="bbox 452 3311 1043 3373">
     <span class='ocr_line' id='line_1_31' title="bbox 452 3311 1043 3373; baseline 0.007 -7"><span class='ocrx_word' id='word_1_265' title='bbox 452 3311 681 3367; x_wconf 80' lang='lat' dir='ltr'>Perillusiti</span> <span class='ocrx_word' id='word_1_266' title='bbox 712 3322 747 3368; x_wconf 84' lang='lat' dir='ltr'>ct</span> <span class='ocrx_word' id='word_1_267' title='bbox 776 3312 1043 3373; x_wconf 77' lang='lat' dir='ltr'>eruditissimo</span> 
     </span>
    </p>
   </div>
   <div class='ocr_carea' id='block_1_6' title="bbox 284 3428 1214 3499">
    <p class='ocr_par' dir='ltr' id='par_1_8' title="bbox 284 3428 1214 3499">
     <span class='ocr_line' id='line_1_32' title="bbox 284 3428 1214 3499; baseline 0.005 -6"><span class='ocrx_word' id='word_1_268' title='bbox 284 3430 616 3497; x_wconf 85' lang='lat' dir='ltr'><strong>GASPARI</strong></span> <span class='ocrx_word' id='word_1_269' title='bbox 660 3428 1214 3499; x_wconf 78' lang='lat' dir='ltr'>HAGEti&#39;iivciilo</span> 
     </span>
    </p>
   </div>
   <div class='ocr_carea' id='block_1_7' title="bbox 517 3561 961 3741">
    <p class='ocr_par' dir='ltr' id='par_1_9' title="bbox 517 3561 961 3741">
     <span class='ocr_line' id='line_1_33' title="bbox 654 3561 841 3622; baseline 0.016 -3"><span class='ocrx_word' id='word_1_270' title='bbox 654 3561 694 3619; x_wconf 68' lang='lat' dir='ltr'>s:</span> <span class='ocrx_word' id='word_1_271' title='bbox 728 3564 762 3621; x_wconf 89' lang='grc' dir='ltr'>Ρ.</span> <span class='ocrx_word' id='word_1_272' title='bbox 802 3565 841 3622; x_wconf 89' lang='lat' dir='ltr'>D.</span> 
     </span>
     <span class='ocr_line' id='line_1_34' title="bbox 517 3687 961 3741; baseline 0.016 -10"><span class='ocrx_word' id='word_1_273' title='bbox 517 3687 677 3740; x_wconf 72' lang='lat' dir='ltr'>sclito</span> <span class='ocrx_word' id='word_1_274' title='bbox 713 3692 961 3741; x_wconf 75' lang='lat' dir='ltr'>uttrotvs.</span> 
     </span>
    </p>
   </div>
   <div class='ocr_carea' id='block_1_8' title="bbox 662 3826 827 3842">
    <p class='ocr_par' dir='ltr' id='par_1_10' title="bbox 662 3826 827 3842">
     <span class='ocr_line' id='line_1_35' title="bbox 662 3826 827 3842; baseline 0.024 -4"><span class='ocrx_word' id='word_1_275' title='bbox 662 3826 827 3842; x_wconf 44' lang='grc' dir='ltr'>ῃ</span> 
     </span>
    </p>
   </div>
   <div class='ocr_carea' id='block_1_9' title="bbox 124 3910 1410 4460">
    <p class='ocr_par' dir='ltr' id='par_1_11' title="bbox 124 3910 1410 4460">
     <span class='ocr_line' id='line_1_36' title="bbox 201 3910 1410 3994; baseline 0.012 -26"><span class='ocrx_word' id='word_1_276' title='bbox 201 3910 407 3968; x_wconf 79' lang='lat' dir='ltr'>Grundemeute</span> <span class='ocrx_word' id='word_1_277' title='bbox 426 3914 553 3970; x_wconf 81' lang='lat' dir='ltr'>desidero</span> <span class='ocrx_word' id='word_1_278' title='bbox 571 3917 600 3972; x_wconf 89' lang='lat' dir='ltr'>di</span> <span class='ocrx_word' id='word_1_279' title='bbox 620 3936 725 3994; x_wconf 82' lang='lat' dir='ltr'>supere,</span> <span class='ocrx_word' id='word_1_280' title='bbox 748 3939 776 3976; x_wconf 90' lang='lat' dir='ltr'>se</span> <span class='ocrx_word' id='word_1_281' title='bbox 789 3924 844 3978; x_wconf 86' lang='lat' dir='ltr'>VS.</span> <span class='ocrx_word' id='word_1_282' title='bbox 865 3923 1056 3979; x_wconf 84' lang='lat' dir='ltr'>illustrissima</span> <span class='ocrx_word' id='word_1_283' title='bbox 1072 3923 1154 3980; x_wconf 83' lang='lat' dir='ltr'>abbia</span> <span class='ocrx_word' id='word_1_284' title='bbox 1173 3929 1229 3981; x_wconf 86' lang='lat' dir='ltr'>mai</span> <span class='ocrx_word' id='word_1_285' title='bbox 1251 3930 1376 3982; x_wconf 82' lang='lat' dir='ltr'>rlcesuta</span> <span class='ocrx_word' id='word_1_286' title='bbox 1406 3945 1410 3965; x_wconf 75' lang='lat'><em>⁶</em></span> 
     </span>
     <span class='ocr_line' id='line_1_37' title="bbox 124 4005 1372 4088; baseline 0.015 -31"><span class='ocrx_word' id='word_1_287' title='bbox 124 4005 154 4058; x_wconf 81' lang='lat' dir='ltr'>la</span> <span class='ocrx_word' id='word_1_288' title='bbox 177 4010 249 4071; x_wconf 83' lang='lat' dir='ltr'>ntia,</span> <span class='ocrx_word' id='word_1_289' title='bbox 266 4007 318 4060; x_wconf 86' lang='lat' dir='ltr'>clte</span> <span class='ocrx_word' id='word_1_290' title='bbox 334 4012 361 4060; x_wconf 90' lang='lat' dir='ltr'>io</span> <span class='ocrx_word' id='word_1_291' title='bbox 380 4007 406 4060; x_wconf 89' lang='lat' dir='ltr'>le</span> <span class='ocrx_word' id='word_1_292' title='bbox 422 4014 515 4062; x_wconf 80' lang='lat' dir='ltr'>scritti</span> <span class='ocrx_word' id='word_1_293' title='bbox 539 4015 568 4062; x_wconf 92' lang='lat' dir='ltr'>in</span> <span class='ocrx_word' id='word_1_294' title='bbox 584 4014 703 4086; x_wconf 82' lang='lat' dir='ltr'>iirpostu</span> <span class='ocrx_word' id='word_1_295' title='bbox 718 4013 789 4068; x_wconf 88' lang='lat' dir='ltr'>‹lella</span> <span class='ocrx_word' id='word_1_296' title='bbox 805 4017 988 4088; x_wconf 80' lang='lat' dir='ltr'>gentilissima</span> <span class='ocrx_word' id='word_1_297' title='bbox 1008 4036 1023 4070; x_wconf 88' lang='lat' dir='ltr'>s</span> <span class='ocrx_word' id='word_1_298' title='bbox 1041 4019 1287 4087; x_wconf 69' lang='lat' dir='ltr'>intitutionem,</span> <span class='ocrx_word' id='word_1_299' title='bbox 1307 4039 1324 4075; x_wconf 93' lang='lat' dir='ltr'>e</span> <span class='ocrx_word' id='word_1_300' title='bbox 1342 4025 1372 4075; x_wconf 86' lang='lat' dir='ltr'>ln</span> 
     </span>
     <span class='ocr_line' id='line_1_38' title="bbox 126 4099 1375 4187; baseline 0.014 -36"><span class='ocrx_word' id='word_1_301' title='bbox 126 4103 362 4170; x_wconf 67' lang='lat' dir='ltr'>ringrariumento</span> <span class='ocrx_word' id='word_1_302' title='bbox 391 4099 435 4154; x_wconf 91' lang='lat' dir='ltr'>tlel</span> <span class='ocrx_word' id='word_1_303' title='bbox 462 4108 586 4176; x_wconf 80' lang='lat' dir='ltr'>prezioso</span> <span class='ocrx_word' id='word_1_304' title='bbox 617 4105 689 4160; x_wconf 86' lang='lat' dir='ltr'>tlono</span> <span class='ocrx_word' id='word_1_305' title='bbox 716 4108 761 4161; x_wconf 87' lang='lat' dir='ltr'>tlel</span> <span class='ocrx_word' id='word_1_306' title='bbox 786 4126 836 4162; x_wconf 88' lang='lat' dir='ltr'>suo</span> <span class='ocrx_word' id='word_1_307' title='bbox 861 4108 907 4163; x_wconf 88' lang='lat' dir='ltr'>bel</span> <span class='ocrx_word' id='word_1_308' title='bbox 934 4110 1016 4164; x_wconf 87' lang='lat' dir='ltr'>libro.</span> <span class='ocrx_word' id='word_1_309' title='bbox 1054 4114 1093 4165; x_wconf 84' lang='lat' dir='ltr'>La</span> <span class='ocrx_word' id='word_1_310' title='bbox 1115 4111 1202 4186; x_wconf 88' lang='lat' dir='ltr'>spedii</span> <span class='ocrx_word' id='word_1_311' title='bbox 1225 4130 1274 4187; x_wconf 88' lang='lat' dir='ltr'>per</span> <span class='ocrx_word' id='word_1_312' title='bbox 1300 4128 1375 4168; x_wconf 81' lang='lat' dir='ltr'>terta</span> 
     </span>
     <span class='ocr_line' id='line_1_39' title="bbox 125 4191 1375 4276; baseline 0.013 -32"><span class='ocrx_word' id='word_1_313' title='bbox 125 4205 227 4257; x_wconf 79' lang='lat' dir='ltr'>tutuo,</span> <span class='ocrx_word' id='word_1_314' title='bbox 257 4191 302 4246; x_wconf 77' lang='lat' dir='ltr'>uel</span> <span class='ocrx_word' id='word_1_315' title='bbox 322 4191 386 4264; x_wconf 85' lang='lat' dir='ltr'>qual</span> <span class='ocrx_word' id='word_1_316' title='bbox 405 4195 490 4248; x_wconf 84' lang='lat' dir='ltr'>modo</span> <span class='ocrx_word' id='word_1_317' title='bbox 512 4214 607 4269; x_wconf 89' lang='lat' dir='ltr'>spetro</span> <span class='ocrx_word' id='word_1_318' title='bbox 629 4199 654 4252; x_wconf 94' lang='lat' dir='ltr'>le</span> <span class='ocrx_word' id='word_1_319' title='bbox 672 4200 769 4253; x_wconf 88' lang='lat' dir='ltr'>lettere</span> <span class='ocrx_word' id='word_1_320' title='bbox 789 4206 812 4255; x_wconf 91' lang='lat' dir='ltr'>si</span> <span class='ocrx_word' id='word_1_321' title='bbox 834 4201 967 4275; x_wconf 86' lang='lat' dir='ltr'>perdono.</span> <span class='ocrx_word' id='word_1_322' title='bbox 1017 4205 1116 4257; x_wconf 84' lang='lat' dir='ltr'>Ftcciu</span> <span class='ocrx_word' id='word_1_323' title='bbox 1139 4219 1221 4276; x_wconf 82' lang='lat' dir='ltr'>ptovu</span> <span class='ocrx_word' id='word_1_324' title='bbox 1244 4203 1315 4258; x_wconf 88' lang='lat' dir='ltr'>della</span> <span class='ocrx_word' id='word_1_325' title='bbox 1334 4203 1375 4260; x_wconf 83' lang='lat' dir='ltr'>ie·</span> 
     </span>
     <span class='ocr_line' id='line_1_40' title="bbox 127 4281 1376 4373; baseline 0.012 -36"><span class='ocrx_word' id='word_1_326' title='bbox 127 4281 204 4337; x_wconf 72' lang='lat' dir='ltr'>deiri</span> <span class='ocrx_word' id='word_1_327' title='bbox 229 4281 297 4338; x_wconf 80' lang='lat' dir='ltr'>delle</span> <span class='ocrx_word' id='word_1_328' title='bbox 319 4301 398 4356; x_wconf 88' lang='lat' dir='ltr'>poste</span> <span class='ocrx_word' id='word_1_329' title='bbox 421 4302 475 4339; x_wconf 93' lang='lat' dir='ltr'>cou</span> <span class='ocrx_word' id='word_1_330' title='bbox 498 4295 592 4362; x_wconf 86' lang='lat' dir='ltr'>speuir</span> <span class='ocrx_word' id='word_1_331' title='bbox 619 4308 713 4362; x_wconf 85' lang='lat' dir='ltr'>questa</span> <span class='ocrx_word' id='word_1_332' title='bbox 736 4290 940 4353; x_wconf 82' lang='lat' dir='ltr'>diretttmente.</span> <span class='ocrx_word' id='word_1_333' title='bbox 979 4296 1022 4350; x_wconf 82' lang='lat' dir='ltr'>iio</span> <span class='ocrx_word' id='word_1_334' title='bbox 1044 4311 1142 4369; x_wconf 87' lang='lat' dir='ltr'>suputo</span> <span class='ocrx_word' id='word_1_335' title='bbox 1162 4295 1235 4350; x_wconf 79' lang='lat' dir='ltr'>delio</span> <span class='ocrx_word' id='word_1_336' title='bbox 1255 4313 1376 4373; x_wconf 84' lang='lat' dir='ltr'>stampa-</span> 
     </span>
     <span class='ocr_line' id='line_1_41' title="bbox 128 4376 1379 4460; baseline 0.014 -31"><span class='ocrx_word' id='word_1_337' title='bbox 128 4392 207 4440; x_wconf 76' lang='lat' dir='ltr'>tore,</span> <span class='ocrx_word' id='word_1_338' title='bbox 225 4377 270 4429; x_wconf 79' lang='lat' dir='ltr'>cit·</span> <span class='ocrx_word' id='word_1_339' title='bbox 283 4376 336 4430; x_wconf 87' lang='lat' dir='ltr'>ella</span> <span class='ocrx_word' id='word_1_340' title='bbox 352 4378 387 4430; x_wconf 87' lang='lat' dir='ltr'>ba</span> <span class='ocrx_word' id='word_1_341' title='bbox 403 4378 532 4433; x_wconf 85' lang='lat' dir='ltr'>mundato</span> <span class='ocrx_word' id='word_1_342' title='bbox 553 4396 595 4435; x_wconf 90' lang='lat' dir='ltr'>tre</span> <span class='ocrx_word' id='word_1_343' title='bbox 616 4385 740 4438; x_wconf 83' lang='lat' dir='ltr'>tecchini</span> <span class='ocrx_word' id='word_1_344' title='bbox 764 4406 813 4460; x_wconf 85' lang='lat' dir='ltr'>pst</span> <span class='ocrx_word' id='word_1_345' title='bbox 829 4404 871 4442; x_wconf 89' lang='lat' dir='ltr'>tre</span> <span class='ocrx_word' id='word_1_346' title='bbox 890 4392 966 4442; x_wconf 86' lang='lat' dir='ltr'>nomi</span> <span class='ocrx_word' id='word_1_347' title='bbox 991 4388 1019 4442; x_wconf 88' lang='lat' dir='ltr'>di</span> <span class='ocrx_word' id='word_1_348' title='bbox 1033 4393 1164 4444; x_wconf 81' lang='lat' dir='ltr'>associati</span> <span class='ocrx_word' id='word_1_349' title='bbox 1184 4388 1232 4443; x_wconf 88' lang='lat' dir='ltr'>all&#39;</span> <span class='ocrx_word' id='word_1_350' title='bbox 1251 4392 1379 4447; x_wconf 82' lang='lat' dir='ltr'>editions</span> 
     </span>
    </p>
   </div>
   <div class='ocr_carea' id='block_1_10' title="bbox 127 4459 1405 4647">
    <p class='ocr_par' dir='ltr' id='par_1_12' title="bbox 127 4459 1405 4647">
     <span class='ocr_line' id='line_1_42' title="bbox 128 4459 1405 4558; baseline 0.016 -36"><span class='ocrx_word' id='word_1_351' title='bbox 128 4467 174 4522; x_wconf 78' lang='lat' dir='ltr'>slei</span> <span class='ocrx_word' id='word_1_352' title='bbox 195 4474 252 4533; x_wconf 66' lang='lat' dir='ltr'>urio</span> <span class='ocrx_word' id='word_1_353' title='bbox 268 4459 377 4555; x_wconf 54' lang='lat' dir='ltr'>biurio.</span> <span class='ocrx_word' id='word_1_354' title='bbox 414 4470 475 4525; x_wconf 80' lang='lat' dir='ltr'>Ellu</span> <span class='ocrx_word' id='word_1_355' title='bbox 495 4479 589 4546; x_wconf 84' lang='lat' dir='ltr'>sappia</span> <span class='ocrx_word' id='word_1_356' title='bbox 611 4480 686 4550; x_wconf 82' lang='lat' dir='ltr'>pero,</span> <span class='ocrx_word' id='word_1_357' title='bbox 705 4479 750 4532; x_wconf 88' lang='lat' dir='ltr'>ch’</span> <span class='ocrx_word' id='word_1_358' title='bbox 764 4485 793 4534; x_wconf 91' lang='lat' dir='ltr'>io</span> <span class='ocrx_word' id='word_1_359' title='bbox 812 4498 869 4536; x_wconf 89' lang='lat' dir='ltr'>nou</span> <span class='ocrx_word' id='word_1_360' title='bbox 889 4482 982 4555; x_wconf 77' lang='lat' dir='ltr'>voglio</span> <span class='ocrx_word' id='word_1_361' title='bbox 1001 4462 1149 4557; x_wconf 70' lang='lat' dir='ltr'>computa}</span> <span class='ocrx_word' id='word_1_362' title='bbox 1166 4481 1204 4536; x_wconf 88' lang='lat' dir='ltr'>lei</span> <span class='ocrx_word' id='word_1_363' title='bbox 1223 4481 1264 4538; x_wconf 85' lang='lat' dir='ltr'>lta</span> <span class='ocrx_word' id='word_1_364' title='bbox 1279 4490 1379 4558; x_wconf 86' lang='lat' dir='ltr'>questi,</span> <span class='ocrx_word' id='word_1_365' title='bbox 1402 4478 1405 4485; x_wconf 40' lang='lat'>¹</span> 
     </span>
     <span class='ocr_line' id='line_1_43' title="bbox 127 4561 1389 4647; baseline 0.017 -34"><span class='ocrx_word' id='word_1_366' title='bbox 127 4562 231 4637; x_wconf 74' lang='lat' dir='ltr'>perche</span> <span class='ocrx_word' id='word_1_367' title='bbox 247 4561 313 4617; x_wconf 81' lang='lat' dir='ltr'>alei</span> <span class='ocrx_word' id='word_1_368' title='bbox 329 4563 437 4637; x_wconf 75' lang='lat' dir='ltr'>voglio,</span> <span class='ocrx_word' id='word_1_369' title='bbox 461 4565 513 4620; x_wconf 88' lang='lat' dir='ltr'>che</span> <span class='ocrx_word' id='word_1_370' title='bbox 533 4568 555 4620; x_wconf 94' lang='lat' dir='ltr'>il</span> <span class='ocrx_word' id='word_1_371' title='bbox 573 4567 645 4623; x_wconf 88' lang='lat' dir='ltr'>libro</span> <span class='ocrx_word' id='word_1_372' title='bbox 666 4577 707 4625; x_wconf 89' lang='lat' dir='ltr'>sia</span> <span class='ocrx_word' id='word_1_373' title='bbox 730 4590 889 4647; x_wconf 82' lang='lat' dir='ltr'>presentato</span> <span class='ocrx_word' id='word_1_374' title='bbox 914 4579 943 4628; x_wconf 91' lang='lat' dir='ltr'>in</span> <span class='ocrx_word' id='word_1_375' title='bbox 962 4575 1045 4630; x_wconf 86' lang='lat' dir='ltr'>dono.</span> <span class='ocrx_word' id='word_1_376' title='bbox 1082 4576 1241 4631; x_wconf 83' lang='lat' dir='ltr'>Terminata</span> <span class='ocrx_word' id='word_1_377' title='bbox 1266 4580 1333 4637; x_wconf 75' lang='lat' dir='ltr'>ueri</span> <span class='ocrx_word' id='word_1_378' title='bbox 1353 4578 1389 4635; x_wconf 76' lang='lat' dir='ltr'>in,</span> 
     </span>
    </p>
   </div>
   <div class='ocr_carea' id='block_1_11' title="bbox 0 0 1499 5040">
    <p class='ocr_par' dir='ltr' id='par_1_13' title="bbox 0 0 1499 5040">
     <span class='ocr_line' id='line_1_44' title="bbox 0 0 1499 5040; baseline 0 0"><span class='ocrx_word' id='word_1_379' title='bbox 0 0 1499 5040; x_wconf 95' lang='lat' dir='ltr'> </span> 
     </span>
    </p>
   </div>
  </div>
 </body>
</html>
