2926 5040
176 160 230 221 558
699 157 900 218 EPISTOLA

173 287 237 346 dem
252 308 295 344 me
312 288 402 344 modis
421 283 553 366 excipias,
571 306 766 381 responsurum
787 308 830 374 me
849 255 921 345 nihil
939 307 1008 345 esse.
1034 289 1233 345 Contentiosus
1252 307 1280 346 et
1300 295 1422 345 tricator

172 402 231 440 non
258 388 338 452 sum,
368 402 456 456 neque
484 387 624 456 opinione,
644 389 698 458 mci
729 401 835 458 turgeo.
875 384 979 438 cartus·
999 401 1091 437 meum
1119 386 1191 439 mlhi
1216 390 1292 439 venit
1317 391 1422 455 otium,

81 538 87 548 ‚
173 494 254 552 quam
274 494 303 532 ut
323 483 352 530 in
371 480 497 531 minutiis
517 494 544 531 et
566 482 632 530 riuis
652 477 776 552 ingloriis
806 494 889 550 aeque
916 493 996 548 atque
1023 478 1174 533 inutilibus.
1196 479 1429 547 consumendum¹

49 604 54 612 ι
171 588 277 648 putent.
315 571 390 626 Satis
411 572 480 631 mihi
499 586 541 624 est
560 576 726 625 senteutiam
746 588 850 638 meam,
869 588 897 625 ut
918 576 1029 625 ocensio
1048 568 1117 639 lert,
1139 569 1254 625 eruditis
1275 575 1304 625 ln
1324 571 1424 627 medio

171 655 290 742 ponere,
308 682 473 739 eorumque,
485 666 630 738 ‘utcunque
648 664 747 732 cadat,
765 664 870 720 iudicio
889 664 1063 719 submittere.
1095 668 1217 732 Doceat,
1236 669 1283 737 qui
1303 665 1424 719 meliora

169 763 265 826 norit,
290 775 317 814 et
347 758 444 839 lpbsns
473 757 632 831 amplectar.
670 760 847 832 lmpo‘rtttnos
866 773 975 826 autem,
1002 775 1117 830 quorum
1138 763 1178 812 ris
1198 773 1224 811 et
1243 756 1362 812 i'acetiae
1389 763 1423 815 iss

171 857 271 909 crassis
292 857 362 907 sitae
381 868 446 908 runt
464 856 615 919 conviciis,
636 852 757 923 suburra
776 850 883 925 dignis,
903 856 1065 925 impotentis
1084 856 1172 907 auirui
1191 853 1321 918 indiciis,
1340 852 1423 908 rideo

169 942 357 1002 mediusfidius
384 961 413 1000 et
440 962 596 1000 contemno.
639 947 704 1000 Nou
733 946 773 1000 illi
805 947 897 1014 mibi,
920 944 968 999 sed
997 945 1050 999 sibi
1079 961 1197 1012 nocent,
1230 947 1421 1020 invidiamque

169 1045 317 1105 concieut,
342 1055 370 1094 et
389 1038 495 1108 bonae,
520 1044 543 1094 si
563 1055 643 1112 quum
661 1037 733 1093 forte
753 1054 879 1107 tuentur,
907 1026 1019 1093 causs'se
1039 1044 1141 1095 irarum
1160 1055 1189 1094 et
1207 1039 1353 1093 verborum
1373 1046 1420 1095 iu-

160 1139 353 1208 .temperautia
373 1131 522 1188 detrabunt
543 1151 626 1207 penes
647 1149 710 1201 eos,
738 1138 785 1204 qni
805 1149 874 1204 quos
893 1137 1025 1186 conviciis
1047 1151 1167 1209 pugnare
1185 1131 1296 1200 rident,
1327 1141 1421 1208 prori-

167 1245 238 1295 nus,
265 1242 296 1281 ut
315 1227 369 1287 sibi
388 1225 509 1294 diffisos,
529 1225 677 1281 'dumnanu
716 1226 744 1282 Si
762 1242 845 1301 prata
862 1241 943 1295 sunt,
968 1242 996 1280 ec
1015 1231 1126 1299 iniqua,
1152 1243 1180 1281 et
1202 1231 1350 1301 imperita,
1377 1245 1418 1298 es,

168 1325 193 1380 sl
222 1325 280 1388 ris,
311 1320 452 1386 scurrilia,
493 1337 561 1393 quae
590 1337 637 1376 aut
665 1337 763 1376 contra
790 1321 847 1387 Te,
884 1336 930 1375 out
963 1320 1049 1374 alium
1080 1338 1271 1395 quemcunque
1301 1327 1419 1396 scripsi,

66 1449 74 1459 ·
167 1429 332 1473 evanescant
358 1419 420 1488 ipso
444 1419 537 1482 senio,
569 1431 598 1470 et
618 1403 676 1489 ipse
695 1419 800 1488 primus
819 1418 912 1486 agnita
931 1411 1082 1484 dumuabo,
1114 1430 1142 1469 es
1160 1414 1236 1469 nulla
1255 1420 1307 1470 erit
1326 1431 1418 1486 aetas,

166 1510 238 1584 quae
258 1522 357 1582 sponte
376 1526 434 1561 non
452 1509 574 1562 damnet.
611 1510 647 1563 At
668 1507 754 1582 proba
772 1522 800 1561 et
819 1523 904 1578 nequa
928 1509 1103 1579 perstabunt,
1124 1508 1333 1582 quibuscunque
1351 1524 1418 1564 tau·

165 1601 229 1659 dem
248 1601 385 1657 machinis
410 1616 438 1654 et
464 1605 549 1655 armis
568 1616 706 1676 petantur.
744 1602 784 1657 Ut
808 1602 867 1654 'I'ua
893 1597 984 1668 fama,
1013 1606 1055 1655 sir
1079 1601 1274 1670 celeberrime,
1307 1616 1324 1655 a
1348 1620 1416 1659 rneo

114 1727 116 1733 ·
165 1699 277 1768 meique
295 1693 430 1749 sirnilium
450 1691 554 1749 iudicio
572 1693 664 1748 labem
683 1711 743 1749 uon
762 1693 917 1761 contrahit,
945 1697 986 1747 sic
1003 1712 1092 1767 neque
1109 1710 1170 1750 snea
1188 1709 1205 1748 a
1222 1696 1285 1750 Tuo
1303 1697 1416 1770 pericli·

166 1788 283 1848 sabisur.
319 1785 353 1842 ld
372 1804 480 1868 qnoque
498 1787 538 1842 'l'e
556 1788 638 1842 selim
656 1785 840 1863 perpendere,
867 1783 954 1859 quod,
981 1791 1006 1841 si
1025 1787 1089 1842 tslls
1108 1806 1187 1858 sum,
1208 1787 1320 1863 qualern
1338 1788 1416 1845 redu·

54 1874 57 1881 ’
165 1887 238 1940 catio
255 1885 316 1938 'rua
333 1879 378 1935 ure
398 1884 503 1955 pingit,
532 1884 652 1935 nimium
671 1882 785 1937 honoris
811 1896 871 1933 earn
893 1878 1062 1954 publicando
1081 1885 1111 1937 ln
1128 1899 1172 1937 tue
1190 1880 1343 1937 colluturus
1364 1888 1414 1939 sis.

135 2007 139 2017 ι
163 1978 258 2036 nomo
278 1991 334 2031 tum
354 1978 429 2029 titiis
449 1989 581 2043 onustus,
612 1991 671 2030 tam
696 1973 877 2047 undecunque
901 1971 1051 2044 absurdus,
1081 1991 1164 2048 atque
1191 1975 1244 2030 tibi
1263 1979 1339 2030 risus
1358 1974 1415 2033 iuis

164 2085 269 2125 auctor.
280 2067 469 2136 recensionis,
495 2073 571 2123 circu
592 2084 673 2141 quam
690 2083 784 2122 nostre
804 2066 839 2120 lis
861 2083 1001 2134 serretur,
1028 2072 1170 2123 contemni
1188 2083 1327 2137 meretur,
1353 2088 1412 2126 nou

152 2162 289 2228 ,mierum
333 2162 409 2220 Alias
437 2163 529 2218 Tuum
560 2161 594 2215 de
625 2162 675 2216 illo
707 2160 842 2215 iudicium
874 2161 1071 2235 sycophantiae
1102 2177 1271 2236 ›suspectum
1299 2160 1412 2234 reddes,

163 2275 252 2330 eoque
277 2255 306 2312 id
330 2261 434 2330 magis,
464 2274 520 2329 quo
545 2260 633 2329 magis
659 2255 738 2308 illum
763 2257 897 2308 conviciis
916 2270 1025 2309 oneres.
1063 2253 1165 2311 Videor
1182 2255 1253 2311 mibi
1273 2255 1438 2328 quaedam,

76 2405 81 2412 ,
162 2353 195 2409 in
219 2353 259 2407 'l'e
284 2365 411 2418 notasse,
442 2365 510 2422 quae
536 2353 609 2402 cives
633 2349 686 2402 Tui
708 2347 773 2402 'I'ibi
799 2351 868 2403 vitio
892 2345 1009 2407 fortasse
1034 2343 1199 2404 seraerunu'
1219 2347 1289 2405 Vide
1311 2367 1349 2405 ne
1375 2351 1412 2406 ds

160 2445 253 2503 nihilo
282 2449 320 2499 sit
350 2443 397 2498 ille
422 2459 572 2497 consensus
597 2442 742 2509 hominum
761 2457 820 2494 rant
839 2438 1015 2508 dissitorurn,
1046 2457 1075 2497 ec
1102 2441 1178 2496 nulla
1206 2441 1410 2500 cousuetudine

160 2543 336 2596 iunctorum.
376 2537 509 2610 Imaginis
529 2540 705 2610 quampluri
730 2536 824 2607 Tuae,
842 2532 951 2613 colores
970 2537 1029 2608 ipse
1047 2537 1091 2591 'ru
1108 2536 1194 2607 milri,
1222 2552 1306 2591 nemo
1327 2536 1412 2608 alius,

161 2631 390 2690 subministrasti.
1297 2680 1300 2685 ,

236 2725 358 2782 Tantum
377 2740 405 2777 et
424 2724 484 2778 Tua
503 2737 531 2777 et
550 2737 611 2774 mea
631 2737 658 2775 et
678 2737 736 2776 rem
755 2720 907 2774 literarium
928 2725 1005 2790 (sie)
1024 2725 1157 2776 interesse
1177 2719 1353 2776 autumabam
1372 2740 1411 2777 ne

161 2823 295 2875 nescires.
339 2818 420 2885 Vale,
451 2820 493 2870 vir
524 2815 700 2869 celeberrime
732 2830 812 2887 atque
844 2813 1046 2882 eruditissime,
1078 2829 1105 2868 et
1135 2816 1220 2883 mihi,
1253 2819 1277 2869 si
1310 2832 1408 2889 potes,

161 2917 293 2985 ignosce,
323 2928 351 2967 et
375 2927 453 2965 utere
479 2927 540 2976 me,
570 2914 593 2963 si
620 2925 672 2981 qua
700 2913 730 2961 in
749 2927 778 2960 re
798 2906 863 2962 Tibi
883 2909 959 2961 utilis
978 2898 1037 2962 esse
1056 2923 1149 2982 potest
1167 2910 1251 2962 humo
1271 2913 1410 2982 ingenuae

160 3008 271 3063 leontis.
309 3008 457 3076 Nunquam
477 3019 540 3075 erga
558 3003 598 3056 'l'e
617 3002 692 3055 malo
719 3004 813 3054 animo
838 2998 894 3065 lui,
921 2996 1009 3072 neque
1034 3008 1099 3067 ero,
1129 3001 1347 3074 qualemcunque
1367 3003 1409 3057 'l'e

101 3106 105 3113 “
162 3102 233 3184 mihi
253 3115 389 3175 praestes:
415 3095 463 3151 sed
483 3095 639 3150 doctrinam
657 3096 745 3150 Tuam
764 3108 791 3147 et
811 3097 921 3165 egregia
942 3099 972 3147 in
989 3094 1076 3149 bonas
1096 3095 1191 3150 literae
1214 3102 1316 3152 merita
1333 3112 1412 3152 snm·

161 3186 273 3270 mopere
292 3209 345 3267 qua
363 3202 413 3267 par
431 3206 491 3263 est,
510 3189 669 3245 venerabor.
707 3184 798 3243 scrib.
818 3187 929 3261 Lipsiae
948 3186 976 3242 d.
995 3195 1023 3250 8.
1042 3186 1121 3245 Febr.
1143 3194 1228 3250 1752.

673 3456 684 3494 )

536 3781 586 3840 cl.
614 3788 652 3838 e't
677 3779 904 3837 doctissimo
931 3777 1024 3835 Viro

254 3889 1310 3999 10AN.cAsP.HAn'ENBvcH10

699 4012 864 4072 s.1⁷.1).

454 4134 559 4181 tosti.
583 4110 829 4180 nnsnctscvs
854 4126 1107 4177 sncvtnntvs.

683 4255 882 4274 -υ--Ι-

232 4354 271 4406 Ut
298 4324 406 4419 autern,
428 4347 465 4404 cl.
483 4348 680 4422 Hagenbuchi,
708 4345 808 4400 melius
833 4343 988 4417 intelligas,
1014 4357 1133 4418 quonam
1151 4338 1186 4394 de
1204 4354 1287 4396 causa
1306 4340 1407 4398 indicis

161 4450 218 4500 mei
239 4445 453 4518 publicationem
474 4448 504 4496 iu
523 4441 598 4497 aliud
618 4458 727 4516 tempus
747 4438 888 4506 differam,
916 4453 944 4491 et
962 4442 992 4491 in
1015 4451 1091 4491 tuam
1110 4440 1284 4491 seutentiam·
1298 4453 1407 4509 prorsus

156 4557 214 4594 uon
242 4538 362 4593 adducar
387 4537 421 4593 de
448 4536 595 4607 metbodo,
627 4551 680 4609 qua
700 4553 764 4590 utus
781 4551 861 4611 snm,
892 4529 981 4604 deque
1006 4533 1058 4598 iis,
1089 4544 1161 4623 qnae
1182 4545 1258 4584 nunc
1283 4525 1408 4585 addenda
