2926 5040
150 137 205 198 rao
528 110 545 195 ¹.
626 184 630 189 .
669 133 894 195 ,ammona

149 282 191 321 eat
211 263 425 340 properandum.
464 266 624 353 poscriptlo
644 266 754 339 quidem
774 272 867 342 operis
887 283 915 323 et
928 272 1075 322 institutio
1101 266 1175 323 freta
1193 284 1249 322 ert:
1281 254 1398 322 cedrea

56 396 65 410 -.
147 354 258 423 courta't
277 363 396 413 maxima
415 357 652 415 obrerrationibus
678 366 810 429 minutis,
839 378 910 434 quae
934 370 991 415 non
1011 362 1095 415 simui
1114 377 1272 416 occurrunt.
1312 363 1400 416 ceter

146 470 209 507 rum
227 471 284 506 nou
304 452 443 507 dimittam
463 471 497 507 ex
517 453 605 508 oculir
625 469 653 509 et
668 459 762 508 animo
782 473 839 509 rem
860 459 1028 520 institutam,
1045 454 1134 509 donec
1153 455 1189 508 ad
1206 461 1400 510 maturitatem

145 546 268 618 aliquam
297 546 437 619 redegero.
476 548 633 604 Wetrtenii
663 565 766 602 novum
792 549 1001 603 Testamentum
1031 547 1114 602 audio
1142 567 1202 603 esre
1226 549 1405 615 ahsolutum,-

147 654 177 695 at
199 656 279 714 rporo
299 637 328 692 id
350 637 511 713 propediem
539 638 573 692 ad
595 658 639 694 me
660 641 796 713 perlatum
819 646 864 695 iri.
902 643 973 695 Nori
996 641 1071 694 aliud
1093 643 1163 696 nihii
1186 643 1292 710 habeo,
1319 642 1399 715 quod

67 765 70 775 ·
146 732 209 787 'rua
239 737 350 787 intersit
377 738 458 787 scire.
503 733 693 788 Prolorioueut
716 734 811 801 subito
838 739 972 808 scriptam
1000 740 1079 806 aequi
1107 735 1229 808 bonique
1255 737 1399 791 consuler.

145 825 232 891 vrle,
264 823 347 880 decua
372 825 530 896 literarum,
560 842 589 882 et
612 827 682 881 mihi
708 826 798 883 lasere
820 846 913 902 perge.
953 828 1013 883 Ser.
1037 831 1147 903 Lipsiae
1172 827 1200 883 d.
1225 831 1301 886 xvi.
1322 832 1399 885 Maii

39 912 41 916 ⁸
144 918 304 983 uincent.

220 1040 253 1094 P.
275 1041 304 1094 S.
342 1040 422 1095 lianc
448 1039 607 1112 epistolam,
638 1058 722 1113 quum
748 1037 782 1094 ad
806 1056 1006 1108 mercatorem,
1033 1060 1082 1115 per
1103 1056 1183 1113 qnam
1204 1042 1295 1095 Tuam
1315 1033 1400 1096 acce·

68 1146 70 1161 ·
146 1146 258 1207 peram,
286 1137 366 1200 miri,
394 1126 459 1187 ecce
487 1132 533 1186 illa
555 1131 654 1187 eodem
672 1132 794 1188 dia'lam
814 1132 929 1189 abierat.
966 1135 1062 1206 Itaque
1081 1133 1146 1188 dum
1167 1134 1250 1188 aliam
1268 1141 1399 1189 occario·

146 1240 213 1280 nem
232 1229 290 1280 eiur
311 1223 463 1279 mittendae
482 1232 655 1298 exspectari,
683 1221 775 1292 ἕωλος
800 1226 874 1281 iacta
897 1243 947 1281 est.
987 1224 1040 1282 Sed
1060 1226 1159 1329 incpdit
1180 1227 1301 1301 aliquid,
1330 1245 1399 1302 pro-

145 1334 210 1392 pter
228 1318 302 1390 quod
321 1335 381 1373 eam
400 1337 449 1395 per
473 1319 598 1393 publicos
625 1339 750 1375 cursores
777 1326 889 1375 mittere
913 1320 1031 1375 decrevi.
1070 1320 1157 1374 Totus
1187 1326 1243 1374 iarn
1272 1340 1334 1375 rum
1366 1327 1397 1376 ia

146 1413 249 1468 'l'acito
276 1411 438 1486 expoliendo
464 1429 546 1484 atquc
571 1414 744 1469 illustrando.
782 1417 887 1470 Paucas
917 1415 1026 1469 notulas
1053 1413 1214 1488 adspergere
1242 1421 1271 1469 iu
1297 1421 1396 1470 animo

144 1505 242 1562 habui.
280 1506 332 1562 Sed
363 1504 428 1560 dum
456 1508 525 1579 opus
553 1523 695 1581 aggressor
723 1526 803 1577 rum,
832 1513 977 1562 materiam
1006 1508 1154 1583 largiorem
1181 1508 1275 1562 datam
1305 1515 1398 1584 reperi

144 1615 290 1663 notarum3
308 1605 472 1674 praesertim
493 1620 577 1674 quum
598 1617 743 1677 apparatur
762 1621 818 1656 oon
837 1601 1006 1673 spernendus
1026 1594 1162 1656 librorum
1181 1603 1252 1656 mihi
1272 1601 1397 1659 daretur.

107 1755 110 1760 f
144 1696 251 1767 decepi
274 1698 350 1748 euim
370 1694 499 1749 codicem
517 1694 579 1754 MS.
604 1714 619 1749 e
644 1697 814 1751 bibliotheca
832 1694 1062 1773 Guelferbytaua,
1095 1694 1247 1751 editionem
1271 1702 1396 1770 primam

145 1786 302 1861 Spirensis,
332 1803 386 1861 qua
410 1806 492 1842 nemo
518 1793 699 1864 interpretum
724 1788 814 1845 adhuc
840 1806 905 1844 usur
931 1807 991 1859 ert,
1025 1806 1142 1862 eamque
1166 1808 1181 1845 e
1201 1789 1276 1843 bono
1296 1789 1396 1844 codice

144 1882 269 1936 tluctam.
306 1881 471 1955 Comparari
490 1887 576 1935 etiam
596 1883 663 1936 aliar
681 1881 826 1951 editiones,
846 1886 981 1938 Venetam
1001 1884 1162 1951 Puteolani,
1190 1882 1320 1938 Beroaldi
1341 1886 1397 1938 ttoz

24 1950 35 1977 r
63 2020 66 2025 .
145 1991 286 2049 monam,
305 1979 421 2049 primam
446 1977 585 2031 Rhenani:
618 1975 689 2031 unde
715 1977 838 2032 intellexi
864 1976 989 2031 nondum
1013 1981 1043 2031 in
1068 1981 1135 2032 criti
1160 1978 1214 2032 hac
1238 1975 1394 2030 adhibitam

145 2087 205 2124 erte
226 2073 327 2124 iustam
347 2070 534 2144 diligentiam:
566 2088 646 2145 raepe
666 2089 716 2145 pro
738 2076 905 2125 coniecturis
931 2076 1065 2146 proponi,
1094 2088 1163 2144 quae
1188 2077 1245 2126 iam
1270 2087 1337 2125 aunt
1363 2076 1394 2126 io

145 2167 268 2237 antiquis
293 2164 387 2228 librir,
419 2169 487 2219 vitia
512 2165 709 2241 typographica
734 2183 793 2219 erre
818 2181 966 2238 propagata
992 2165 1159 2238 permultas
1180 2163 1333 2232 editionet,
1365 2179 1394 2219 er

145 2273 230 2333 ruper
248 2263 283 2312 iit
302 2262 415 2312 criticae
435 2265 610 2314 coniecturas
630 2257 746 2332 proferri
766 2274 820 2326 cet.
860 2256 1005 2331 Itaqoe'id
1024 2264 1083 2333 egi,
1111 2274 1142 2313 ut
1161 2264 1191 2313 in
1209 2263 1284 2313 uotis
1302 2259 1395 2314 hirto-

145 2346 217 2407 riam
237 2368 265 2406 et
283 2357 361 2424 quari
383 2353 569 2425 genealogiam
588 2352 740 2407 lectionum
760 2350 929 2429 indicarem,
958 2368 985 2407 et
1005 2358 1034 2406 in
1054 2350 1224 2428 praefatione
1243 2353 1393 2407 historiam

144 2445 301 2501 editionum
330 2451 529 2500 accuratiorem
559 2446 681 2500 scribere
709 2445 826 2501 decrevi.
865 2446 918 2502 Sed
942 2447 1117 2500 vehementer
1144 2436 1393 2500 deridero'editio-

144 2557 212 2595 nem
236 2541 404 2605 Romanam,
436 2557 506 2613 quae
531 2542 593 2595 Sec.
619 2542 679 2596 XV.
705 2537 824 2613 prodiit,
857 2557 943 2612 quum
968 2537 1033 2592 iibri
1059 2543 1167 2613 priores
1192 2557 1240 2594 rex
1262 2539 1391 2594 'noudum

145 2648 237 2688 errent
256 2637 372 2688 inuenti.
410 2636 479 2688 Eam
496 2650 630 2707 nmquam
649 2639 726 2706 potui
750 2634 879 2707 reperire.
913 2633 1023 2707 Lipriur
1043 2649 1104 2686 eam
1123 2633 1166 2687 bis
1187 2650 1260 2688 terve
1280 2633 1390 2687 laudat:

145 2726 284 2783 editorum
314 2727 482 2800 reliquorum
510 2745 591 2782 uerno
622 2729 723 2782 vidirre
750 2729 867 2783 videtur.
905 2726 1010 2781 Saltem
1037 2745 1121 2781 nemo
1145 2727 1251 2784 iaudat.
1289 2728 1331 2781 tir
1358 2741 1391 2780 ea

131 2819 255 2876 ¹ridetur
281 2825 387 2876 Veneta
419 2835 443 2877 a.
470 2825 553 2883 1498.
584 2841 633 2896 per
664 2824 759 2876 Franc.
799 2820 982 2878 Puteolanum
1015 2821 1137 2876 fluxiore.
1176 2823 1265 2894 igitur
1296 2821 1391 2892 magui

144 2912 231 2970 relert
252 2921 339 2982 taire,
359 2915 425 2988 quid
445 2915 492 2969 ille
510 2917 576 2970 hinc
596 2921 761 2990 sumpserit,
780 2912 847 2986 quid
865 2920 991 2969 mutarit.
1029 2915 1111 2969 Venit
1131 2917 1200 2969 milri
1220 2919 1250 2968 iu
1267 2929 1390 2968 mentem
1414 2956 1417 2964 .

144 3026 274 3082 operare,
304 3025 365 3064 eam
392 3009 543 3064 editionem
569 3015 599 3064 in
628 3015 708 3064 terris
733 3014 846 3075 restria,
877 3025 946 3081 quae
966 3009 1063 3064 ltaliae
1085 3024 1149 3063 runt
1169 3013 1391 3082 propiaquiorer,

144 3101 264 3158 fortasse
287 3090 422 3180 reperiri.
454 3105 550 3176 ltaque
569 3104 610 3157 'l'e
633 3122 717 3178 rogo,
747 3119 779 3157 nt
797 3109 821 3158 ai
841 3107 893 3157 iste
911 3103 984 3156 liber
1002 3102 1074 3177 apud
1092 3120 1140 3157 ros
1160 3106 1275 3175 reperiri
1295 3107 1393 3176 parsit,

146 3203 205 3252 eiua
232 3200 302 3251 mihi
329 3204 410 3270 copia
436 3213 467 3254 ut
494 3198 541 3251 fiat
568 3214 664 3265 curer,
695 3213 724 3251 et
749 3202 875 3270 proximo
902 3213 1025 3250 mercatu
1049 3215 1098 3270 per
1126 3210 1294 3250 mercatores
1319 3197 1391 3251 mihi

109 3305 113 3311 ·
143 3298 253 3356 mittas.
291 3292 401 3347 Redibit
429 3308 528 3364 magua
558 3308 623 3346 cum
650 3296 747 3364 gratia.
785 3291 878 3343 Etiam
904 3287 1108 3344 Mediolanensi
1135 3304 1161 3346 a.
1186 3292 1269 3347 1516.
1300 3306 1392 3345 careo.

145 3386 200 3440 Sed
227 3391 355 3459 aequius,
382 3385 455 3459 quod
475 3385 551 3440 iilam
568 3405 625 3439 uon
645 3384 743 3439 dubito
765 3399 853 3436 totam
872 3382 986 3437 ductam
1005 3401 1063 3437 erre
1084 3400 1102 3437 e
1119 3386 1242 3437 Romana
1261 3383 1392 3438 Beroaldi

145 3496 170 3534 a.
192 3485 273 3538 1515.
294 3479 376 3551 edita.
415 3479 445 3533 st
465 3497 521 3533 non
542 3484 571 3532 in
592 3494 647 3532 tam
667 3494 814 3551 unguntum
835 3494 939 3549 tempus
962 3494 1008 3530 mo
1031 3476 1159 3531 concludi
1178 3495 1272 3551 paraui
1292 3495 1393 3544 errem,

145 3590 308 3648 propterea,
342 3571 414 3645 quod
440 3571 469 3627 id
494 3591 555 3626 meo
580 3571 716 3638 consilio,
747 3569 821 3643 quod
846 3572 880 3623 ab
901 3575 982 3624 initio
1006 3587 1081 3638 erat,
1112 3570 1236 3626 sufficere
1255 3587 1392 3643 putarem,

145 3672 275 3727 odilonem
300 3669 361 3720 Em.
382 3670 531 3736 Quirinum
552 3684 598 3739 per
618 3666 729 3732 literas,
760 3682 791 3719 ut
816 3681 943 3738 excerpta
962 3665 1049 3719 Codd.
1070 3668 1268 3719 vaticanorum
1294 3683 1392 3719 coure-

145 3781 260 3833 quorer,
287 3767 334 3834 qui
361 3763 510 3816 aNorisio
536 3766 566 3814 iu
585 3760 706 3833 Epoolrir
729 3758 982 3834 Syromaoedouum
1005 3759 1162 3814 laudantur.
1203 3761 1285 3814 Nunc
1304 3764 1330 3813 ei
1351 3764 1391 3813 rei

145 3871 255 3930 tempor
275 3875 332 3910 uon
351 3852 468 3908 rufficit:
498 3870 525 3908 et
544 3860 611 3909 satir
630 3856 738 3909 habebo
758 3874 807 3930 per
827 3854 964 3910 editioner
983 3871 1087 3909 ueteres
1107 3868 1135 3908 et
1154 3853 1281 3908 codicem
1299 3851 1394 3908 Gueli.

145 3963 285 4022 utcunque
305 3951 405 4004 Tacito
425 3928 607 4006 consuluisrd.

220 4044 377 4102 Wetatenii
396 4045 607 4099 'ferramentum
632 4049 689 4097 iam
714 4042 898 4118 perlustrandi
924 4040 1088 4096 facultatem
1111 4039 1224 4096 habuit.
1243 4044 1340 4095 neacio
1360 4056 1396 4094 an

145 4155 174 4194 et
193 4156 241 4193 tor
260 4138 396 4205 Helvetii,
425 4138 535 4211 quando
553 4137 601 4192 iile
620 4156 671 4191 ruo
690 4153 803 4211 rumptu
821 4136 924 4201 edidit,
955 4152 1039 4207 eaque
1059 4133 1093 4188 de
1112 4151 1210 4189 caurra
1228 4151 1396 4189 mercatorea

144 4225 255 4288 librarii
273 4233 350 4287 nulla
369 4233 494 4305 exempla
515 4239 545 4287 in
564 4232 685 4286 tabernir
706 4232 818 4286 habent.
850 4233 914 4284 Vidi
935 4236 965 4284 in
984 4229 1208 4304 Prolegomenir,
1227 4246 1297 4301 quaa
1316 4227 1404 4293 uulda,

144 4344 252 4384 runtata
271 4345 300 4382 et
320 4343 398 4381 aucta
418 4342 499 4394 runt,
517 4327 612 4381 multis
632 4326 722 4380 verbis
742 4331 862 4390 narrari,
888 4341 956 4398 quae
976 4329 1007 4378 in
1025 4324 1150 4378 Helvetia
1170 4327 1200 4376 in
1220 4329 1278 4376 eiua
1298 4338 1395 4377 eaurra

145 4439 208 4477 actu
234 4438 312 4476 runt:
347 4426 405 4474 eius
431 4426 599 4476 narrationis
626 4425 741 4476 initium
766 4421 860 4474 aTuo
885 4425 1000 4472 nomino
1019 4418 1094 4472 freti:
1126 4432 1217 4472 totam
1236 4433 1296 4470 esre
1316 4418 1396 4470 rehe-

109 4556 112 4560 Δ
147 4523 269 4575 mentitu
299 4521 443 4591 scriptam.
487 4517 620 4573 Ceterum
644 4531 756 4584 vereor,
788 4530 819 4569 ut
845 4512 937 4568 bonus
963 4517 1006 4568 uir
1030 4531 1064 4568 er
1091 4511 1142 4567 ilio
1168 4529 1253 4586 opere
1276 4510 1398 4567 multum
