2926 5040
111 105 192 183 ,66

150 254 275 300 titulorum
297 248 356 298 fides
377 252 531 312 antiquorum
550 249 689 313 labgiarlari
713 257 738 299 et
757 253 832 299 ersrti
852 252 972 299 rldetar.¹'
989 274 1023 287 -
1041 271 1073 313 -ς
1092 252 1152 307 „He
1173 263 1233 298 rero
1249 253 1402 309 experientia

150 343 245 398 docuit,
263 347 330 409 caute
347 342 536 396 procedendum,
557 341 596 387 ubi
612 341 640 386 de
650 342 762 400 ¹antiquis
781 343 847 388 saris
861 343 956 402 agitnr;
974 341 1046 387 iacile
1060 354 1161 399 namque
1175 345 1213 386 est
1222 326 1403 397 suppositionis

150 436 232 476 notam
248 431 378 489 appingere
396 430 555 484 documentis,
579 444 640 488 qnae
661 435 739 475 umen
757 431 821 475 falsa
838 445 885 476 nou
900 430 981 475 sunt.”
1027 429 1063 475 lta
1079 431 1217 474 rectissimo
1236 429 1325 475 indicio
1341 442 1403 475 usus

150 516 237 578 lopus
253 518 278 562 in
298 515 432 576 Epitaphio
452 515 479 562 S.
501 516 618 568 Sororum
635 530 690 578 pag.
715 516 757 564 19.
776 540 811 553 -
831 519 950 564 Videlicet
970 523 1066 574 praeter
1090 532 1135 573 aa,
1162 531 1223 576 quae
1246 522 1328 562 nomia
1344 521 1403 563 suut

150 621 164 650 a
183 603 297 660 Klotzio,
325 606 349 650 in
368 605 412 649 boc
435 619 528 664 quoque
545 619 657 662 peccasse
677 607 771 651 ridetur
788 606 965 673 MAFFEIVS,
997 607 1063 651 euius
1087 608 1180 665 reliqua
1197 607 1283 651 merita
1299 606 1403 651 immor·

150 696 208 739 talia
225 708 294 740 nemo
311 692 482 740 meslibentius
506 695 627 754 agnoscit,
652 695 714 752 quod
737 689 812 739 siedbi
840 695 930 742 insoliti
953 695 1042 753 aliquid
1062 708 1110 739 non
1131 696 1209 742 solum
1233 696 1257 738 iu
1279 693 1402 739 sermonis

151 782 244 836 iorma,
266 782 308 826 sed
329 782 402 826 etiam
416 783 440 826 ia
459 782 595 827 nominibus
613 784 734 838 propriis,
755 783 779 826 iu
797 783 930 828 bonoribus
950 789 975 828 et
994 783 1095 839 publicis
1113 788 1137 827 et
1153 781 1352 838 municipalibus,
1375 781 1402 827 is

150 871 237 915 officiis
253 869 387 914 minoribns
405 883 432 915 au
447 869 588 924 servilibus,
611 871 636 914 in
659 870 797 915 muneribus
818 870 977 927 militaribus,
1010 871 1128 916 iurabas
1149 872 1245 915 taudem
1270 871 1347 914 saeris
1379 874 1405 915 at

150 959 255 1003 Deorum
272 958 375 1003 manime
392 957 571 1012 municipalium
593 960 820 1005 commemoratione
843 964 998 1026 occurreret,
1023 959 1065 1004 illa
1081 947 1152 1005 nimis
1170 956 1255 1004 leviter
1273 957 1354 1002 statim
1368 958 1401 1005 tis

150 1045 238 1091 talibus
258 1045 439 1100 subdubitant,
458 1046 496 1089 rel
516 1059 545 1090 ea
564 1047 665 1101 prorsus
681 1047 808 1092 reiiceret:
831 1061 923 1106 neque,
945 1049 1001 1092 dum
1014 1047 1093 1092 fallaci
1111 1047 1182 1092 nimis
1196 1046 1298 1091 arbitrio
1315 1050 1403 1090 enach

151 1137 179 1177 ad
198 1135 336 1179 italicorum
353 1133 404 1178 fere
420 1134 535 1178 amussim
550 1134 638 1192 exigit,
662 1139 720 1180 satis
738 1135 838 1180 attendit
852 1137 881 1179 sd
896 1149 950 1180 eam
967 1148 1059 1194 quoque
1075 1139 1214 1191 perpetuam
1225 1133 1401 1190 diversitatem,

150 1235 211 1280 quas
234 1222 296 1266 iuter
316 1222 440 1265 rariorum
458 1222 601 1277 populorum
620 1222 741 1268 Romanae
761 1224 846 1268 ditioni
862 1223 1025 1268 subiectorum
1043 1223 1127 1268 titulos
1144 1222 1279 1268 intersedit.
1328 1222 1401 1280 Quod

149 1324 208 1355 reru
226 1298 343 1353 Klotriru
360 1309 486 1354 verissime
504 1313 585 1354 monet
605 1309 634 1354 tle
655 1311 773 1356 sermonis
794 1311 943 1357 affectatione
963 1311 988 1355 in
1010 1312 1075 1356 saxia
1099 1325 1169 1370 quam
1187 1288 1297 1366 plurimis
1315 1321 1344 1355 ac
1361 1313 1401 1354 ta-

149 1411 236 1452 more,
256 1398 367 1442 diuturno
386 1411 429 1443 usn
449 1398 547 1443 edoctus
565 1397 610 1442 boc
625 1396 767 1445 observasse
785 1399 843 1444 mihi
862 1400 963 1454 uideor,
983 1400 1046 1445 idem
1063 1400 1134 1455 plane
1152 1400 1181 1444 de
1201 1384 1408 1454 inscriptionibus¹

150 1488 253 1540 ualere,
280 1486 342 1543 quod
359 1481 509 1541 Cremerae,
531 1487 637 1542 peracuti
658 1486 696 1530 vir
716 1488 805 1545 ingenii
823 1492 848 1532 et
868 1487 1034 1542 doctissimus,
1066 1488 1139 1531 variis
1161 1487 1277 1542 exemplis
1300 1485 1401 1530 damna·

149 1575 235 1620 stravit
251 1574 275 1617 in
296 1572 424 1628 lCtorum,
445 1575 524 1633 legum
541 1579 566 1619 st
579 1574 774 1619 constitutionum
794 1577 851 1620 stilo
868 1576 970 1620 serioris
986 1576 1139 1633 potissimum
1155 1575 1243 1619 aetatis
1262 1573 1400 1629 „ampullas

151 1668 176 1708 et
192 1662 366 1720 sesquipedalia
383 1661 479 1706 verba''
501 1666 625 1717 captante,
645 1676 673 1707 ae
694 1668 793 1718 propter
815 1663 892 1718 ipsam
916 1664 1084 1720 loquacitatem
1104 1663 1199 1707 inanem
1218 1674 1290 1716 saepe
1311 1660 1404 1707 obscur

149 1753 226 1796 riore.
246 1750 279 1806 (r.
301 1747 416 1810 Suoigrry
434 1745 582 1808 Zaitsclirifl
591 1745 642 1807 fiir
659 1746 928 1810 Rechtawiaaenscltuji
947 1751 979 1795 T.
995 1748 1020 1795 2.
1045 1765 1069 1807 p.
1084 1747 1156 1806 28⁹.)
1192 1749 1314 1795 similibus
1335 1749 1402 1794 enisu

151 1852 222 1897 quarn
239 1837 341 1895 maxima
361 1839 478 1897 gandent,
497 1851 557 1897 quaa
574 1843 659 1896 quarto
677 1840 758 1883 seculo
777 1842 877 1883 exausta
895 1843 919 1882 ct
936 1839 1020 1896 quinto
1038 1839 1127 1883 incisae
1146 1843 1201 1883 sunt
1218 1837 1399 1893 inscriptiones,

86 1986 90 1996 Ι
151 1927 253 1986 turgidis
275 1927 385 1976 ¹iorrrrulis
408 1925 511 1973 relertae
532 1940 561 1971 ac
582 1925 714 1982 verbosae3
742 1927 860 1971 decrescit
880 1926 964 1972 deinde
985 1931 1065 1981 tumor
1084 1927 1208 1982 paullatim
1228 1927 1282 1971 iude
1300 1930 1367 1977 retro
1386 1938 1402 1970 a

151 2015 270 2070 Septimio
289 2002 393 2068 Severo,
412 2015 504 2059 maiore
522 2015 593 2059 etiam
609 2015 760 2070 simplicitate
781 2027 807 2058 sa
825 2014 991 2059 commendant
1007 2015 1200 2070 praecedentium
1217 2014 1400 2069 imperatorum,

152 2104 335 2162 magistratuum
354 2106 378 2148 et
392 2107 540 2158 priuatorum
555 2102 678 2146 bominum
692 2101 770 2157 tituli,
789 2102 966 2157 siruplicissima
980 2103 1080 2161 danique
1095 2108 1151 2147 sunt
1164 2104 1297 2160 Augusteae
1316 2101 1403 2147 astatis

151 2195 176 2236 el
193 2196 326 2246 temporum
343 2190 432 2234 veteris
449 2190 485 2235 rai
504 2189 612 2245 publicae
630 2195 791 2236 monumenta.

129 2283 134 2289 '
223 2277 403 2323 ΜΑΙΤΤΑΙΗΕ
427 2276 559 2334 (Micirui‘l)
584 2280 638 2334 „Ad
658 2292 714 2323 suas
738 2278 925 2326 Observationes
947 2293 1003 2325 nans
1023 2284 1061 2325 est
1083 2279 1160 2325 tribus
1182 2277 1327 2335 Ospniensis
1351 2277 1402 2322 edi-

150 2368 225 2413 tionis
242 2367 372 2422 eremplis,
392 2367 498 2425 adquae
516 2364 625 2411 Thomna
639 2365 767 2422 Smitlrua,
786 2367 823 2412 Io.
841 2366 1001 2422 Peureonus,
1021 2373 1045 2412 et
1063 2365 1122 2413 Gal.
1142 2363 1271 2425 Strutsord
1286 2365 1403 2424 quaedam

151 2457 311 2512 adscripsere.
356 2455 383 2499 ln
409 2455 447 2501 luis
471 2456 544 2514 igitur
567 2455 774 2503 observationibus
802 2432 928 2516 diligenter
954 2461 1021 2499 notat
1046 2454 1256 2499 mslT'ralltlvs
1281 2454 1403 2498 dirarum

152 2545 278 2591 lectionem
296 2558 343 2588 non
361 2544 433 2588 modo
452 2545 571 2589 editorum
589 2545 754 2599 diversorum,
774 2546 816 2589 sed
835 2546 908 2590 etiam
925 2544 1088 2603 singulorum,
1115 2556 1130 2585 a
1150 2555 1176 2588 se
1197 2543 1255 2598 ipsis
1274 2542 1403 2599 aliquando

152 2633 325 2678 dissidentium.
363 2633 424 2690 Quid
444 2633 521 2687 ipsum
539 2633 703 2688 impediverit,
735 2646 782 2690 quo
802 2633 928 2676 minusad
947 2633 999 2686 ipsa
1018 2630 1166 2689 autographa
1185 2631 1278 2686 lapidea
1293 2630 1405 2688 exigerat

152 2722 176 2765 id
195 2734 270 2780 genus
288 2721 431 2775 varietates,
458 2733 534 2778 nequa
555 2721 607 2775 ipse
628 2725 815 2776 commemorat,
843 2733 919 2777 neque
940 2724 1050 2762 anstrum
1071 2723 1108 2764 est
1128 2719 1260 2763 diuinare.¹’
1278 2723 1324 2764 cet.
1343 2714 1401 2764 sei.

152 2807 233 2853 Erus.
254 2806 324 2866 Lips.
346 2804 421 2852 1736.
447 2821 471 2863 p.
494 2806 537 2852 61.
557 2827 591 2841 -
608 2809 644 2853 Ad
661 2808 808 2866 autographa
831 2807 1041 2852 tual'rTatulvs
1062 2820 1104 2851 cur
1122 2821 1168 2849 uon
1190 2806 1298 2864 exegerit
1314 2806 1403 2851 aditio-

152 2910 207 2941 nem
225 2909 306 2949 suam,
331 2895 401 2939 facila
420 2900 457 2939 est
472 2896 595 2952 divinare;
615 2896 670 2954 quia
687 2896 789 2940 bandini
808 2897 855 2940 iam
876 2896 1032 2941 serenillam
1051 2900 1075 2940 st
1092 2896 1190 2939 molitus
1208 2898 1259 2948 est,
1278 2890 1304 2938 bt
1320 2893 1403 2938 absol·

152 2985 186 3027 rit
196 3013 204 3037 ,
222 2984 305 3039 procul
323 2983 353 3027 ab
372 2983 526 3043 autographis
545 2982 633 3029 Orouii
652 2985 834 3040 conspiciendis.
856 3004 889 3017 -·
907 2983 1046 3028 HAGENB.

221 3070 383 3116 MALVASIA
408 3067 524 3126 (Carolus
550 3067 654 3125 Cursor)
678 3072 718 3137 lu¹
736 3073 788 3117 eius
820 3069 993 3116 illustrioribus
1022 3069 1146 3115 Felsincis
1177 3071 1259 3127 spuria
1285 3072 1403 3128 quaedam

153 3159 316 3215 reperiuntur.
336 3171 359 3203 r.
379 3155 478 3220 Moffeii
494 3162 524 3207 A.
544 3157 574 3202 C.
593 3158 622 3203 1..
641 3171 666 3214 p.
686 3156 746 3205 21⁶.
766 3164 790 3205 et
808 3157 867 3204 671.
904 3159 988 3203 Eidem
1012 3159 1193 3203 MALVASIAE
1216 3159 1309 3203 sincera
1333 3159 1400 3203 ride·

154 3246 224 3292 batur
241 3247 403 3291 imnosissima
420 3247 462 3291 illa
479 3245 554 3291 Aeliu
571 3243 659 3292 Laelia
679 3244 777 3305 Crispis
799 3243 858 3304 [non
882 3254 942 3291 autu
966 3261 1105 3307 resurgens
1130 3244 1226 3291 Borion.
1243 3242 1323 3291 1683.
1343 3242 1403 3304 ioh]

154 3337 270 3396 singulari
288 3335 351 3379 libro
370 3334 400 3378 ab
418 3348 447 3381 eo
465 3336 592 3379 illustrata.
640 3335 676 3379 Ea
699 3349 757 3379 vero
781 3336 816 3380 sic
834 3335 920 3388 babet,
951 3350 980 3393 ue
999 3335 1055 3379 alibi
1074 3349 1126 3379 curn
1146 3336 1259 3391 temporis
1278 3328 1414 3388 dispendio'

155 3424 197 3469 tibi
215 3425 247 3469 sit
263 3424 416 3482 quaerenda:
452 3421 487 3468 D.
506 3420 544 3466 M.
566 3427 577 3471 l
597 3421 671 3468 Aeliu
687 3421 776 3467 Laelia
797 3418 896 3480 Crispus
919 3427 928 3471 l
949 3421 1001 3468 Nee
1019 3423 1058 3466 oir
1075 3437 1120 3467 nec
1137 3424 1228 3467 rnulier
1246 3436 1290 3467 acc
1309 3421 1403 3467 andro·

155 3525 228 3574 gyno
248 3514 258 3560 ll
279 3509 331 3556 Nec
353 3511 439 3568 puello
463 3523 509 3554 nec
532 3510 629 3555 iurauit
652 3524 697 3554 nec
721 3524 786 3554 unus
806 3513 817 3557 l
842 3508 896 3555 Nec
914 3516 986 3555 cualu
1003 3524 1048 3554 nec
1066 3511 1189 3554 meretrix
1207 3525 1253 3555 acc
1270 3509 1367 3567 pudiea
1389 3515 1401 3558 Ι

155 3599 206 3646 sed
227 3600 313 3644 omnio
340 3602 350 3647 ΙΙ
377 3598 482 3643 Sublata
508 3600 519 3646 ΙΙ
544 3596 629 3657 Neque
646 3594 720 3657 sunus
745 3611 823 3657 aequa
838 3594 916 3655 serro
940 3611 1018 3657 neque
1042 3610 1133 3643 veneno
1155 3603 1165 3646 ll
1185 3598 1236 3643 Sed
1252 3598 1367 3642 omnibus
1389 3600 1401 3646 l

156 3687 208 3734 Nec
226 3689 293 3733 coelo
311 3700 356 3731 rece
374 3689 448 3747 aquis
466 3699 511 3731 rsec
530 3687 608 3730 larris
627 3689 638 3735 ll
662 3684 712 3730 Sed
730 3685 818 3744 ubique
836 3686 902 3729 iacet
923 3688 933 3735 ll
955 3684 1049 3730 Lucius
1066 3683 1166 3746 Agatho
1182 3685 1297 3732 Priscius
1319 3689 1330 3735 ll
1350 3683 1406 3731 Nec

157 3777 265 3821 moritus
283 3786 328 3820 nee
345 3781 444 3819 emulor
461 3788 506 3820 nec
523 3774 685 3830 necessarius
707 3777 717 3823 ΙΙ
737 3772 822 3834 Neque
840 3787 955 3818 moereres
972 3787 1051 3843 nequa
1070 3772 1185 3832 gaudena
1203 3754 1368 3838 nepus'flane
1390 3777 1402 3823 ll

156 3863 229 3909 Hanc
250 3868 260 3913 ΙΙ
280 3863 332 3909 Nec
350 3865 440 3908 molem
456 3876 501 3906 uec
516 3861 680 3921 pyramidem
696 3875 742 3906 nac
760 3862 903 3920 sepulcrum
924 3866 934 3910 ΙΙ
954 3860 1108 3907 dedomata
1128 3865 1138 3908 ll
1159 3860 1213 3906 Scit
1230 3866 1254 3905 et
1269 3863 1349 3908 nescit
1361 3863 1407 3908 cui

154 3955 279 4010 posuerit.
304 3955 313 4000 ll
335 3951 519 3997 -,Bononiae.
540 3973 573 3985 -
592 3950 646 4005 lpse
665 3950 825 3994 mauvasm
843 3949 936 3995 xLllt.
974 3950 1048 3994 Viros
1066 3950 1150 3994 doctos
1168 3954 1291 4005 recenset,
1316 3952 1356 4008 qui
1379 3951 1407 3995 in

158 4041 195 4085 bis
213 4041 282 4098 nugis
300 4039 443 4084 extricandis
461 4039 690 4097 interpretandisque
707 4040 788 4082 oleum
804 4043 828 4082 et
846 4050 945 4092 operam
973 4037 1141 4091 perdiderunt,
1166 4037 1253 4095 quibus
1277 4042 1408 4093 postem
1427 4065 1429 4068 -

158 4141 298 4173 successere
318 4127 358 4170 alii
377 4137 425 4170 non
442 4126 520 4182 minus
538 4127 615 4171 stulti.
636 4126 689 4170 Cir.
710 4125 841 4171 mauruli
860 4127 888 4169 Α.
909 4124 939 4168 C.
958 4123 988 4168 1..
1008 4138 1032 4180 p.
1055 4122 1114 4169 tlt.

227 4213 446 4259 manendovau
471 4211 594 4267 (Ioannis)
617 4213 718 4257 schedae
744 4214 833 4269 passim
852 4214 1018 4271 impugnantur
1037 4227 1050 4255 u
1068 4209 1172 4274 Muffeio
1189 4227 1212 4258 r.
1233 4227 1254 4258 e.
1275 4216 1303 4258 Α.
1324 4213 1354 4258 C.
1374 4213 1407 4260 I..

159 4319 184 4361 p.
210 4299 270 4348 328.
296 4298 355 4347 329.
381 4306 405 4346 et
428 4305 523 4346 nounte
549 4298 715 4346 Tiruboschr'o
732 4299 818 4346 Storiu
841 4299 908 4344 delle
930 4301 984 4344 lelt.
1009 4299 1066 4346 liat.
1093 4301 1124 4344 Τ.
1146 4298 1170 4345 6.
1196 4301 1227 4344 P.
1248 4299 1272 4345 1.
1298 4315 1322 4356 p.
1344 4296 1406 4349 307.

161 4395 231 4451 longe
249 4392 322 4448 plura·
335 4403 363 4434 cr
381 4391 484 4434 aliorum
502 4389 660 4448 apographis,
680 4402 749 4447 quam
768 4403 797 4433 es
816 4389 874 4444 ipsis
893 4388 1010 4443 lapidibus
1028 4390 1120 4433 videtur
1139 4389 1332 4444 transcripsisse.

230 4462 386 4523 minutus
411 4475 577 4534 (samonum)
602 4482 626 4522 a
648 4474 777 4522 numan
802 4475 932 4532 iuraras.)
957 4473 1061 4536 royag.
1085 4475 1208 4520 riuos..
1226 4474 1257 4521 a.
1274 4452 1343 4522 a...
1361 4475 1409 4524 a..
