2926 5040
731 1061 756 1120 1.

421 1183 515 1243 Viro
547 1168 822 1242 illusit-isaiano
848 1183 1066 1243 Manchioni

291 1305 724 1382 vsctplnrtl
781 1294 1162 1374 Marinio
1270 1362 1277 1382 s

467 1425 486 1470 Ι.
512 1424 674 1470 casian.
699 1423 1022 1500 ildiilillllyiliilvs.

658 1533 691 1592 S.
720 1533 754 1592 Ρ.
781 1534 820 1592 D.

118 1757 241 1874 Verbia
264 1818 388 1885 blandit,
424 1819 539 1891 quibua,
568 1826 615 1894 qul
641 1821 674 1874 ad
694 1826 766 1876 riroa
789 1826 930 1897 principat
949 1822 1045 1877 litarat
1064 1837 1175 1876 exarare
1196 1826 1360 1894 inatituunt,

118 1920 160 1967 oti
183 1915 290 1981 colent,
319 1915 429 1967 auribua
450 1920 520 1981 tuit,
548 1917 677 1969 Marcltlo
705 1917 905 1981 illuatriaaitne,
935 1915 1060 1970 insidiari
1082 1915 1157 1969 nolo.
1205 1916 1294 1984 Topta
1318 1933 1359 1970 eat

118 2007 191 2080 apud
216 2007 304 2060 bonna
335 2026 430 2061 onmea
461 2013 591 2061 uirtutum
620 2025 726 2062 tuorum
760 2025 787 2063 et
816 2008 981 2064 eruditioni·
1015 2025 1078 2063 tuuc
1108 2014 1360 2081 pracatcntiaaimae

117 2101 178 2156 lana
197 2118 224 2154 ct
245 2101 466 2166 commendatio,
486 2117 562 2155 tanta
584 2106 706 2156 nominia
726 2106 767 2155 tui
790 2117 850 2155 toto
870 2102 935 2156 orbe
950 2102 1119 2155 celeberrimi
1135 2102 1268 2174 apud'me
1288 2109 1360 2156 cat-i-

117 2209 206 2248 taact
231 2199 399 2260 reverentia,
429 2211 457 2248 ut
477 2210 572 2269 erepto
591 2195 671 2248 nobit
689 2195 771 2249 eben!
810 2196 976 2262 Bouhierio,
1005 2195 1109 2268 virgula
1129 2195 1247 2266 quadam
1266 2195 1358 2249 divina

117 2288 191 2341 banc
210 2288 296 2342 laeter
310 2287 514 2362 cuppediratnm
533 2306 593 2342 eaae
611 2293 806 2355 occationem,
834 2305 887 2361 qua
907 2304 985 2356 tuae,
1010 2293 1110 2342 auntnti
1132 2293 1199 2355 riri,
1218 2293 1359 2343 amicitiae

116 2378 191 2435 lorea
211 2384 279 2434 mlltl
303 2398 396 2455 patere
419 2385 557 2454 incipiunt
577 2381 761 2459 αὐτόμαται.

192 2474 338 2547 Epistulae
355 2475 563 2547 Epigrapieicae
582 2473 616 2527 ad
636 2490 678 2541 tc,
706 2479 879 2548 antiquitatia
899 2472 1020 2528 eruditae
1040 2490 1172 2529 atatoretn
1197 2491 1280 2548 atqua
1298 2480 1359 2530 ritt-

115 2565 207 2621 dicem
227 2573 382 2641 egregium,
402 2573 512 2622 mittere
534 2567 621 2622 audeo
641 2567 746 2623 duabua
766 2572 941 2642 potiaaimum
957 2567 990 2621 de
1011 2573 1130 2622 cauaaia:
1149 2585 1176 2622 et
1194 2571 1267 2641 quod
1289 2570 1359 2623 libe·

114 2661 226 2715 ralitate
245 2678 308 2728 tua,
337 2678 419 2734 quant
440 2666 621 2735 pagina‘doi.
639 2665 740 2714 merito
760 2660 928 2727 collaudavi,
954 2678 1014 2715 turn
1039 2662 1219 2735 provocatua‘:
1239 2680 1266 2717 et
1283 2664 1358 2735 quod

114 2760 264 2810 maalmam
289 2772 394 2830 partem
414 2754 447 2807 ad
470 2771 601 2826 magnum
620 2755 758 2826 quondam
778 2759 897 2810 anticum
917 2770 1012 2820 tuum,
1041 2753 1089 2808 aed
1108 2770 1137 2809 ct
1159 2772 1269 2822 meum,
1301 2755 1356 2816 τὸν

113 2847 294 2927 μακαρίτην
314 2849 495 2904 Bouhieriuna
514 2864 577 2901 aunt
595 2853 722 2922 acriptae.
759 2847 842 2933 Quod
862 2853 886 2903 ai
898 2864 1014 2907 ,tantum
1035 2847 1086 2901 tibi
1110 2847 1144 2900 ab
1164 2854 1358 2924 occupationi·

112 2939 166 2995 boa
186 2941 356 3014 grauioribus
375 2941 527 3013 etudiieque
546 2941 727 2995 tenerioribua
748 2947 799 2996 otii
820 2946 871 3008 ait,
909 2958 938 2995 ut
962 2957 1056 2994 noatra
1079 2943 1147 2995 ltaeo
1170 2948 1356 2998 manauetlora

112 3033 270 3108 levioraque
291 3035 380 3108 legere
401 3054 457 3089 non
478 3033 620 3099 laatidiaa‚
657 3034 857 3089 eruditiaairnaa
881 3033 1103 3101 observationes,
1141 3035 1240 3108 quibua
1263 3043 1355 3090 minuc

111 3125 184 3181 bene
204 3133 326 3201 cogitata
344 3145 371 3182 et
389 3128 477 3181 literia
491 3134 654 3200 contignata
672 3127 829 3181 emendabit
849 3145 876 3182 et
895 3128 1064 3199 caatigabia‚
1084 3131 1152 3182 ntilti
1167 3149 1215 3203 per
1229 3147 1356 3184 commu-

111 3222 312 3276 alaMuacrum
326 3238 404 3285 tacta
421 3236 464 3286 te,
482 3226 506 3274 ai
524 3225 642 3295 poteria,
660 3220 810 3275 obteatanti
834 3221 891 3275 noli
913 3221 1048 3285 invidera;
1068 3227 1146 3276 cuiua
1161 3229 1217 3290 toti
1237 3229 1260 3277 ai
1276 3222 1355 3277 luero

112 3312 274 3383 damnatoa,
295 3315 405 3367 sublimi
422 3315 517 3367 sidera
532 3319 639 3367 vertice
649 3312 749 3386 sarire
770 3317 837 3369 mihi
854 3314 979 3389 uidebor.
1076 3376 1079 3384 ¹

189 3409 320 3484 lnptintla
342 3407 375 3461 de
392 3424 457 3482 taxo
477 3410 643 3474 Veroncnai‚
669 3405 703 3461 ad
719 3411 792 3479 quod
811 3424 873 3484 pag.
886 3414 950 3468 521.
972 3413 1034 3464 init.
1052 3407 1185 3481 quaedam
1206 3427 1264 3464 aum
1277 3425 1356 3464 cont·

111 3517 270 3567 attentatus,
289 3500 401 3555 edoceri
424 3501 600 3554 vehementer
622 3505 716 3574 cupio.

187 3597 291 3668 Pagina
314 3597 377 3653 tti.
399 3593 552 3648 elucubrati
579 3593 612 3645 tie
635 3596 724 3663 Sigiis
742 3596 911 3649 Graecorum
935 3595 1060 3669 opoaculi
1086 3592 1223 3650 Graecum
1241 3596 1355 3653 Grotcrl

109 3704 206 3743 aaxutn
226 3680 373 3744 metricum
391 3691 462 3754 672,
483 3694 526 3748 13.
550 3691 590 3741 ita
609 3692 750 3754 renituit,
786 3704 816 3744 ot
842 3688 874 3742 dc
897 3704 945 3743 tuo
969 3706 1104 3743 contento
1130 3693 1199 3743 milti
1219 3690 1354 3763 gratuler:

109 3785 293 3853 nequeenim
316 3780 350 3834 ab
375 3780 635 3847 intimabimus,
672 3785 727 3836 niti
748 3786 777 3834 in
802 3781 914 3835 ultimae
933 3786 1008 3835 vocia
1028 3785 1122 3837 modo.
1162 3785 1354 3842 Ptoiiiiiz'ti

108 3893 160 3931 aen
179 3882 345 3943 intinxi,
376 3872 451 3948 quod
472 3890 500 3927 et
521 3875 564 3934 cl,
585 3875 777 3944 Wesselirtgt'o
801 3879 830 3928 in
854 3891 974 3929 mentem
999 3880 1104 3929 teuiaae
1130 3894 1163 3929 cx
1191 3875 1354 3931 doctissimo

107 3967 221 4039 Leirltio
244 3968 323 4023 attuli
351 3987 378 4042 p.
403 3951 485 4043 279„
513 3972 691 4042 participium
713 3977 865 4026 illimis
882 3967 933 4022 tibi
954 3968 1061 4043 placet:
1100 3987 1182 4042 quern
1201 3969 1353 4025 timentum

106 4044 200 4118 noune
220 4062 387 4116 dlacordianr
406 4059 574 4114 concordem
595 4066 702 4135 potina,
727 4078 807 4134 quam
824 4062 1000 4113 concordiam
1018 4063 1172 4115 discordem
1191 4062 1286 4117 licebit
1306 4080 1354 4138 ap·

105 4157 229 4232 pellace?
266 4159 350 4210 Fucro
369 4154 473 4209 Gracci
498 4171 579 4226 quant
596 4160 642 4228 qul
662 4160 778 4222 manime
796 4156 1013 4232 qtionnnpnm
1045 4155 1092 4209 ted
1115 4171 1143 4210 ct
1161 4155 1273 4210 terbum
1292 4158 1353 4211 finl-

106 4267 187 4315 tuoa,
212 4267 247 4303 nc
266 4249 373 4303 nullutn
390 4253 418 4303 in
440 4265 504 4302 tato
524 4249 629 4320 legatur
650 4262 724 4314 toto,
745 4245 889 4302 commode
906 4234 996 4320 poten
1015 4264 1097 4302 atate.

184 4341 292 4409 Ibidem
318 4358 380 4416 poat
410 4341 630 4415 explanationem
653 4341 854 4395 obacuritatum
870 4341 1000 4414 aiglorum
1021 4347 1192 4396 (iroecorutn
1210 4342 1352 4398 limotiaai·

103 4453 178 4493 marn
199 4457 225 4511 p.
251 4441 312 4497 115.
335 4434 368 4488 nd
389 4439 521 4489 carminla
535 4435 622 4509 legent
641 4440 722 4508 ltque
741 4434 857 4489 ductum
874 4431 979 4488 formae
997 4441 1128 4509 priatluac
1146 4435 1276 4491 atndulatl
1291 4437 1352 4492 rod·
