2926 5040
540 158 814 219 EPIGRAPHICA
833 157 919 217 xlv.
1300 156 1357 217 iii

106 296 257 369 quiopera
276 309 325 349 aua
344 292 542 373 reegrandibue
561 294 748 349 uoluminibus
769 290 849 348 edere
868 305 1020 358 conantur,
1040 288 1113 363 quoti
1129 303 1223 344 ramera
1239 288 1356 341 cmuiro

105 388 331 465 improbandum.
368 382 472 445 Gorlu'a
493 389 697 463 qutycborum
713 388 887 443 'l'beaeurum
906 399 1003 460 parat,
1024 387 1107 438 immo
1128 379 1290 458 propediem
1310 398 1359 434 ex-

105 498 281 559 apectamue‚
312 487 336 536 ei
355 487 555 557 programmati
580 482 755 556 promulgato
778 479 845 535 iader
864 476 1030 534 adhibenda.
1071 478 1104 531 in
1125 477 1180 531 iilia
1201 492 1266 531 vero
1285 492 1360 547 aym-

103 575 189 646 bolia‚
206 592 274 651 quaa
289 572 393 631 lloruae
412 581 472 652 ipae
490 576 558 644 edit,
576 576 659 631 Tam.
676 576 728 631 ix,
746 575 865 630 relectae
884 577 1080 647 interiptionee
1101 569 1211 626 xviii.
1230 588 1264 623 er
1283 564 1361 631 Cli).

103 688 133 727 et
151 670 271 744 ampiim
290 686 435 744 excerptae
454 688 487 726 ex
506 685 615 725 vetusto
634 669 732 723 codice
751 673 948 733 continentum
970 683 1032 721 tum
1051 666 1142 720 Tomo
1162 666 1201 721 X.
1229 661 1360 719 Diatribe

102 748 224 839 Epistol.
243 765 394 819 zachariae
413 763 446 817 da
465 765 514 821 iv,
542 762 722 818 illiberitanit
741 768 857 817 retortia
877 759 1034 836 lapidibus,
1057 757 1106 813 aed
1127 776 1183 812 non
1202 773 1245 813 eet
1265 772 1296 812 ut
1315 757 1361 811 laia

102 864 247 927 immorer,
257 876 344 931 quum
363 874 411 913 eae
430 857 464 911 ad
482 874 510 912 te
529 855 623 917 iorean
643 862 696 911 iam
716 861 773 913 aiut
792 855 909 911 delatae.
937 856 1173 910 Dissertationum
1190 849 1361 908 Academiae

87 946 287 1009 'eumenemie
312 953 452 1007 volumina
471 952 521 1007 Vi.
549 956 605 1007 iem
631 967 697 1007 cura
725 966 807 1021 eunt,
837 948 956 1013 lottario
974 949 1039 1005 vn.
1065 946 1185 1023 prodiit,
1218 962 1286 1001 nam
1307 943 1361 1001 rub

105 1047 223 1103 irniuece
243 1051 308 1101 anni
331 1050 443 1101 initium
461 1045 512 1101 tub
534 1045 628 1121 praelo
649 1045 774 1099 sudabat.

183 1139 267 1208 vale,
295 1144 337 1194 air
361 1114 538 1206 doctiaaime
566 1156 594 1194 et
619 1139 737 1195 eaiutem
762 1153 837 1192 tuam
856 1152 925 1192 eura
942 1134 1101 1211 diligenter.
1140 1135 1312 1190 Veronaea.
1333 1130 1364 1189 d.

109 1232 568 1308 viiiKai.sept.Mlich1v.

183 1366 218 1421 P.
243 1364 274 1422 8.
312 1363 445 1421 Nondum
474 1364 531 1420 virli
561 1368 726 1439 Breitingeri
755 1327 1030 1417 Commentationem
1059 1364 1089 1414 in
1120 1363 1234 1432 antiqua
1262 1374 1363 1413 moou-

109 1475 205 1514 menaa
234 1464 264 1514 lu
292 1474 359 1533 agro
383 1460 521 1532 ‘ligurino
550 1474 623 1512 auno
651 1462 735 1517 172-i.
764 1472 858 1525 eruta,
890 1471 959 1529 quae
987 1454 1105 1509 habetur
1134 1458 1164 1507 ln
1190 1454 1263 1509 Tom
1293 1453 1361 1509 vii.

69 1557 78 1573 ’“
110 1554 255 1607 Amoenit.
273 1552 363 1607 Later.
384 1553 577 1619 schelhornii,
603 1568 771 1627 quapropter
789 1551 906 1605 buiuace
924 1549 987 1603 loca
1006 1554 1037 1602 in
1055 1548 1244 1623 superioribus
1265 1542 1366 1601 ine'cri-

109 1645 254 1723 ptiouibua
273 1665 330 1701 non
352 1645 510 1702 laudantur.
551 1638 651 1700 lt'idem
671 1645 776 1705 Wildii
796 1645 941 1717 Apologia
960 1645 1111 1711 Aventia,
1141 1644 1265 1697 Hirtoria
1285 1639 1365 1693 Salo·

110 1740 235 1795 domania
254 1756 282 1795 et
301 1742 460 1814 Hottiugcri
483 1740 663 1816 opuaculum,
690 1745 720 1794 iu
744 1738 844 1812 quibua
864 1736 898 1792 de
917 1735 1017 1792 liudem
1038 1742 1146 1812 agitur,
1174 1734 1300 1793 adbuca
1320 1753 1365 1788 me

109 1833 309 1890 deriderentur.

188 1928 277 1983 Doleo
295 1928 463 1997 itoclratium
480 1944 638 2002 tupremum
655 1924 731 1980 diem
750 1924 868 1996 obiiaee,
899 1928 988 1980 viram
1013 1922 1130 1980 doctum
1156 1939 1185 1981 ct
1204 1926 1311 2001 optime
1330 1920 1365 1979 de

92 2020 236 2111 dicentia
257 2040 286 2077 re
305 2020 417 2099 publica
436 2026 579 2077 meritum.

567 2195 909 2211 m

692 2361 776 2421 XIV.

212 2480 1266 2589 10..FRANclscosiin1ER10
1356 2518 1360 2523 ·

389 2619 483 2677 Viro
509 2615 758 2675 nobilissimo
784 2635 826 2675 ac
852 2615 1082 2674 doctissimo

472 2734 484 2777 l
663 2728 696 2787 S.
718 2729 753 2786 P.
775 2729 813 2785 D.

167 2847 218 2895 10.
242 2850 372 2897 iicon.
397 2847 702 2894 a‘iiiiiiiiniciiiil.
725 2848 820 2894 Graec.
838 2846 913 2894 Lura.
932 2860 994 2894 arte
1013 2848 1167 2895 'l'rarceraze
1184 2848 1262 2895 Prot.
1282 2849 1313 2896 Ρ.

184 3034 267 3108 Quod
287 3054 320 3089 ex
340 3038 379 3090 lo.
400 3037 525 3092 Gesnero
544 3052 657 3105 neutro,
686 3038 753 3089 Viro
773 3034 975 3104 celeberrimo,
999 3034 1082 3090 audio
1100 3052 1197 3111 optare
1218 3039 1259 3094 Te
1279 3042 1368 3093 ratio·

114 3146 179 3184 nem
203 3145 238 3185 ac
261 3128 379 3184 iorrnem
403 3148 498 3185 eorum
525 3128 649 3184 indicum
675 3145 861 3203 cognoscere,
893 3146 962 3202 quoe
987 3128 1057 3183 olim
1083 3148 1168 3202 quum
1188 3136 1217 3185 in
1241 3106 1369 3201 Grdteri‚

114 3238 176 3278 tem
195 3227 225 3279 lu
244 3223 296 3278 elia
317 3226 537 3298 lnacriptionum
556 3224 733 3298 syntagmata
752 3238 875 3297 paraaaet
894 3224 911 3280 ὸ
930 3221 1012 3280 πάνυ
1031 3222 1265 3295 Hagenbuchiue,
1287 3232 1368 3281 cuiue

114 3314 287 3372 bibliotheca
302 3318 472 3391 rchedaeque
490 3335 587 3372 omnea
608 3316 643 3371 ad
660 3337 703 3371 ute
722 3333 920 3391 pervenerunt3
946 3316 1024 3370 nolui
1044 3332 1123 3385 auae,
1144 3320 1267 3373 virorum
1286 3336 1369 3394 prae-

114 3416 305 3477 stantissime,
338 3417 466 3485 petitioni
496 3412 563 3465 huic
591 3428 623 3464 ac
652 3402 732 3477 roto,
764 3429 814 3484 pro
842 3426 951 3466 tamma
980 3426 1043 3463 mea
1069 3417 1098 3465 in
1124 3410 1165 3465 Te
1191 3413 1368 3468 observantia

66 3518 69 3523 ·
114 3501 221 3559 deeaae.
259 3506 300 3558 De
322 3510 355 3559 iis
376 3511 460 3578 igitur
479 3510 520 3559 tic
539 3504 651 3559 habero.
693 3502 819 3558 Iudicem
836 3507 1054 3577 inscriptionum
1074 3507 1276 3575 universalem,
1302 3525 1369 3579 qua·

114 3598 171 3651 lem
191 3614 207 3651 a
226 3600 281 3664 Te,
302 3599 437 3653 Herculeo
456 3597 567 3666 labore,
587 3598 743 3653 coniectum
762 3595 861 3661 audio,
886 3596 1028 3675 uunquam
1048 3616 1083 3651 ne
1103 3600 1235 3655 molitum
1256 3600 1368 3673 quidem

115 3709 176 3744 erae
195 3692 440 3766 llageubuchium‚
467 3690 620 3766 saltumque
645 3697 675 3751 in
702 3708 735 3745 eo
758 3691 825 3744 olim
845 3678 930 3745 loiea'e
951 3691 1086 3760 Corium,
1113 3710 1194 3764 quem
1213 3695 1369 3768 Symbola..

114 3802 179 3837 rum
201 3785 272 3840 Lici.
299 3786 361 3841 Vol.
384 3788 462 3840 Vlll.
488 3805 516 3859 p.
540 3790 604 3844 iol.
635 3789 821 3838 vanissimum
848 3784 986 3839 eiusmodi
1016 3804 1084 3859 opua
1114 3788 1151 3840 ab
1180 3806 1214 3843 eo
1242 3807 1369 3862 paratum

114 3880 217 3933 diriore
244 3885 337 3945 noeti,
365 3880 490 3952 maleque
516 3882 652 3954 pet-euasit
677 3883 762 3931 etiam
789 3877 867 3947 aliia,
896 3896 925 3932 ut
950 3879 1014 3935 seh.
1034 3882 1163 3949 Donato,
1192 3900 1274 3954 quem
1295 3882 1369 3940 idem

114 3971 149 4026 ad
178 3972 364 4028 Sclrntidaium
395 3976 541 4026 Beruatem
570 3977 716 4046 acripsiase
745 3977 862 4045 reperio.
901 3973 937 4028 Et
966 3974 1047 4028 Gorii
1077 3974 1189 4046 quidem
1217 3995 1294 4031 error
1322 3977 1369 4033 ille

114 4081 197 4120 natue
216 4066 325 4121 videtur
343 4065 424 4135 inde,
449 4064 522 4139 quod
542 4070 631 4138 iprum
650 4083 734 4138 quum
755 4066 809 4117 alia
828 4082 892 4118 saxa
911 4071 983 4121 ecire
1003 4073 1179 4141 cupientem,
1207 4089 1272 4125 num
1293 4069 1377 4127 edita.

115 4174 222 4227 eatena,
253 4178 311 4215 tum
333 4159 401 4214 illud
427 4161 467 4215 iil
488 4161 584 4215 Cll’l'l
605 4161 644 4214 IN
664 4160 860 4215 PEDATVRA
880 4175 934 4215 cet.
964 4161 1179 4233 Hageabuehiua
1208 4169 1303 4218 atatim
1323 4183 1370 4217 er·

115 4251 209 4326 pedire
229 4259 336 4328 potuit,
365 4253 414 4308 red
434 4258 494 4308 eine
512 4251 648 4306 eiusmodi
667 4251 803 4307 eubaidio.
841 4253 931 4327 lgitur
950 4273 1033 4328 quum
1055 4261 1139 4310 iatam
1157 4273 1236 4311 auam
1256 4274 1370 4332 pereun-

116 4352 233 4412 tionem,
252 4365 382 4420 quaerere
400 4363 526 4422 pergem,
543 4351 649 4399 amicae
665 4344 839 4400 Florentinua
859 4354 978 4422 aperiret
997 4363 1109 4413 nocero,
1130 4351 1163 4402 ad
1179 4353 1368 4407 Gorianarnm

115 4440 259 4494 literarum
284 4445 439 4513 marginem
466 4439 604 4514 adacr'ipta
631 4438 665 4492 ab
688 4457 721 4493 eo
741 4439 788 4492 illa
808 4445 932 4495 invenio:
966 4448 1035 4514 „qui
1058 4442 1108 4497 tibi
1128 4441 1219 4499 dixit?
1251 4446 1368 4500 Utinam

115 4550 179 4587 rara
198 4532 319 4588 dicerer!
350 4537 397 4589 Me
415 4537 663 4608 occupatissimum
681 4532 767 4587 multa
785 4536 857 4588 milri
877 4553 1025 4599 cucumam
1050 4554 1133 4611 apero
1152 4553 1179 4593 et
1200 4538 1291 4593 aliie·

157 4652 244 4695 caua
259 4654 363 4709 amma.
375 4653 441 4696 ιιι...
456 4654 505 4696 va
514 4654 532 4695 r.
1071 4629 1112 4692 36
