2926 5040
172 80 250 185 sto¹
689 125 891 187 missum

168 260 259 311 verint
281 253 427 329 legendum
447 256 607 343 slnvsrip
624 256 670 333 ,(ν.
692 259 768 314 Mur.
790 266 860 324 102,
883 258 923 335 7.)
947 257 1071 317 eruditus
1084 259 1204 333 quidam
1227 259 1261 314 ad
1280 262 1411 339 Equitem

168 344 223 406 css.
245 347 339 403 literas
360 349 454 416 dedit,
475 350 634 417 obtestans,
660 352 781 411 Caetera
798 372 866 425 quae
884 353 943 405 lteic
960 354 1160 406 intermediam
1175 354 1277 415 dele,·”
1311 357 1411 425 quihus

111 445 113 449 ’
168 445 291 517 primum
310 432 375 497 risis
394 448 488 497 statim
508 442 542 495 ad
562 459 593 496 ea
617 441 744 517 confugi.
765 462 833 517 quae
851 444 923 518 apud
942 449 1057 502 Poitant
1076 462 1241 519 sequuntur:

355 538 459 608 Puppis
480 535 702 589 Achaemeniden
721 539 837 590 Graitsm
856 539 981 592 Troiana
999 545 1121 612 recepit:

426 625 543 698 Profuit
559 637 587 680 ei
606 630 694 702 Myso
719 631 810 687 Pelias
828 612 913 683 basia
928 632 1000 684 disci.

240 719 345 786 Missa,
370 736 439 793 quae
460 722 530 774 mihi
550 719 623 775 iacta
640 721 692 777 init
714 727 812 781 iniuria
826 724 1011 790 PATERNA,
1039 739 1119 796 quam
1144 729 1181 778 ita
1202 741 1321 791 vocans,
1354 745 1408 797 qno

165 813 236 866 mihi
252 812 316 865 loeo
333 819 386 877 sis,
420 830 474 885 quo
493 815 562 867 mihi
581 815 645 868 loco
663 815 778 882 colaris,
803 815 919 871 candide
938 832 966 870 et
984 817 1046 870 'rere
1063 817 1173 885 scribo,
1196 820 1231 870 ah
1249 819 1409 873 Emendar-

165 906 265 958 dorum
282 896 439 961 TVORVM
457 906 538 971 loco,
569 913 691 978 quemvis
715 894 788 964 tanta
805 909 976 962 humanitate
996 915 1116 982 scripto,
1147 926 1176 963 ut
1195 910 1407 967 deslcvnsio

167 996 278 1052 tacendi
298 1003 493 1053 necessitatem
510 999 580 1052 mihi
596 1005 737 1073 imponat,
769 1000 890 1055 nondum
910 1018 1002 1055 tamen
1022 1002 1106 1063 abeo;
1132 1007 1196 1072 quia
1212 1004 1340 1056 detinent
1363 1021 1406 1056 me

163 1090 234 1144 haec
249 1089 332 1144 verba
350 1107 487 1156 extrema,
509 1109 578 1163 perae
596 1091 655 1144 heic
670 1092 883 1160 intermediam,
911 1092 1001 1166 paullo
1026 1104 1106 1159 ante',
1131 1091 1254 1146 eiusdem
1269 1109 1338 1166 puta
1358 1109 1405 1146 co-

162 1182 274 1237 lumnae
295 1188 392 1249 initio,
424 1202 531 1257 quoque
551 1200 566 1235 a
586 1185 635 1238 ΤΕ
657 1190 761 1256 posita,
789 1205 859 1256 qnae
882 1186 1092 1240 interaudiens.
1129 1189 1209 1240 Hanc
1226 1185 1286 1239 stili
1304 1185 1406 1239 herha-

85 1286 89 1291 '
163 1280 234 1329 siem
254 1275 386 1330 facillime
406 1282 535 1330 evitasses
553 1276 680 1350 ponendo
697 1277 857 1351 utrobique,
888 1297 956 1349 quae
979 1279 1145 1330 intermedia
1165 1287 1248 1355 erens,-
1273 1296 1322 1331 seu
1342 1279 1405 1333 hre-

111 1378 112 1382 ’
162 1374 222 1424 vius
243 1370 468 1443 participialiter,
495 1370 676 1434 interntedia,
703 1387 742 1424 sc.
761 1365 845 1428 ὄντα.
884 1371 978 1424 Meam
1000 1371 1124 1424 sordium
1144 1370 1267 1425 Fahretti
1287 1390 1405 1423 remen-

161 1480 260 1514 surum
279 1465 518 1536 reprehensionem
535 1479 632 1517 contra
649 1464 697 1517 ΤΕ
714 1467 784 1516 tueri
805 1462 896 1517 debui.
934 1456 1015 1519 Nunc
1031 1483 1064 1517 ex
1082 1465 1128 1518 TE
1148 1481 1267 1536 quaero,
1289 1481 1327 1518 an
1346 1484 1404 1519 nou

161 1556 271 1609 soloeca
291 1571 376 1628 aeque
395 1561 467 1622 sint,
488 1573 555 1628 qnae
571 1556 648 1610 TIBI
668 1555 733 1608 stilo
750 1571 841 1609 cetera
857 1562 932 1629 gravi
947 1573 974 1611 et
994 1572 1092 1611 ornato
1113 1563 1217 1623 utenti,
1242 1556 1404 1613 exciderunt

161 1654 268 1714 verius,
298 1666 381 1722 quam
397 1666 463 1722 puto
490 1650 649 1723 probentur.
689 1651 839 1722 Inscriptio
861 1666 877 1701 a
903 1648 997 1704 Gudio
1021 1659 1168 1717 emersam,
1196 1651 1230 1703 de
1255 1651 1331 1720 8151.
1352 1653 1403 1705 Gr.

161 1759 225 1816 pag.
249 1745 295 1801 69.
324 1761 373 1817 pro
397 1763 466 1814 qrme
488 1749 641 1798 emanavit.
678 1748 846 1802 Perventum
873 1749 961 1811 (esse)
988 1762 1038 1819 pro
1053 1749 1231 1816 pervenisse,
1256 1748 1342 1799 initio
1358 1762 1401 1820 ep.

160 1839 224 1894 XV.
240 1839 310 1889 Ant.
335 1836 410 1890 Gall.
429 1837 478 1891 sel.
501 1855 562 1911 pag.
578 1839 626 1895 69.

236 1938 287 1991 Ad
299 1947 326 1992 te
341 1940 410 1992 dare
427 1946 548 1993 cressiani
567 1941 615 1993 TE
635 1942 705 1995 mihi
723 1939 863 1995 obiecissd
880 1942 1007 1999 memini.
1042 1903 1125 1995 Nunc
1143 1943 1272 2007 invenio,
1300 1956 1348 1994 me
1366 1938 1402 1996 ad

54 2090 57 2099 Ι
159 2031 338 2087 bouhierinm
353 2052 423 2104 pag,
445 2041 488 2095 13.
507 2036 556 2087 lin.
576 2036 604 2093 6.
621 2039 764 2106 scripsisse
782 2034 823 2085 ad
839 2042 881 2100 te,
903 2034 959 2088 Vir
976 2027 1161 2101 gravissime,
1183 2032 1253 2086 dara
1267 2038 1400 2101 sasima,

144 2129 209 2195 rqui
228 2124 297 2179 ordo
315 2126 458 2180 verborum
471 2144 594 2181 meorum
607 2145 698 2180 nonne
714 2128 748 2179 ah
764 2144 880 2180 numero
895 2129 1007 2199 poitico
1023 2130 1091 2179 satis
1106 2123 1188 2200 abiti
1225 2125 1401 2181 choriambo

159 2231 254 2271 autem
271 2217 415 2292 periodum
431 2218 573 2288 claudere,
603 2225 665 2293 quis
687 2236 808 2293 unquam
823 2218 1032 2274 reformidavisi
1070 2217 1124 2275 Sed
1143 2219 1213 2274 haec
1227 2219 1303 2276 ieris
1321 2235 1397 2279 nus.

120 2336 123 2345 ·
158 2309 249 2384 Pergo
269 2313 302 2365 ad
327 2311 411 2366 aliud.

234 2423 383 2498 Ohstupui,
396 2421 494 2489 fateor,
509 2442 593 2495 quum
613 2423 791 2499 praefationis
805 2424 900 2479 ’ΜΕ
917 2422 997 2478 rerba
1013 2427 1128 2498 pugione
1143 2436 1259 2478 octavae
1275 2439 1399 2479 extrema

157 2515 294 2591 legerem,
333 2532 365 2571 ac
388 2521 410 2571 si
435 2522 558 2592 pag.8'i.
578 2538 651 2584 non,
683 2523 764 2579 utin
784 2522 906 2590 margine
922 2523 1026 2572 omissa
1045 2519 1216 2591 parenthesis
1236 2532 1304 2571 nota
1327 2523 1398 2573 citas

157 2630 185 2685 p·
202 2613 248 2672 si.
272 2611 420 2664 Moratorii
439 2611 605 2678 consilium,
638 2617 831 2683 inscriptiones
850 2616 879 2664 in
895 2627 1017 2695 cetegum
1037 2627 1181 2665 auctorum
1196 2610 1276 2664 libris
1296 2613 1397 2666 relatas

158 2708 188 2757 in
211 2721 291 2756 suum
314 2704 487 2758 Thesaurum
505 2704 688 2778 importandi,
722 2723 779 2760 nou
797 2703 948 2769 damnans,
969 2709 1036 2777 quin
1053 2703 1185 2771 laudans,
1207 2701 1235 2758 id
1257 2705 1330 2759 mihi
1350 2724 1398 2759 vo-

157 2797 284 2863 luissem,
311 2799 383 2855 nihil
405 2815 449 2851 me
476 2797 644 2852 discriminis
667 2802 884 2870 statuerelinter
906 2802 1114 2870 inscriptiones,
1138 2815 1204 2870 quas
1221 2816 1255 2850 ex
1275 2815 1397 2853 murmo-

157 2890 234 2944 ribus
263 2897 329 2964 ipsis
359 2897 399 2945 rei
423 2893 615 2966 epigraphicac
640 2896 801 2964 peritissimi
828 2895 878 2945 riri
905 2896 1107 2953 recensueriot;
1139 2906 1249 2964 etquas
1267 2890 1396 2946 doctiss

98 3003 107 3028 ο
157 2984 276 3037 aliorum
296 3001 404 3039 tantum
419 2985 545 3053 schedis,
581 2984 716 3058 flagitiose
736 3002 816 3058 saepe
833 2990 987 3058 corruptis,
1011 2983 1191 3059 prodiderint.
1208 3059 1211 3064 ,
1230 2985 1315 3057 Quod
1334 3005 1395 3059 per-

156 3077 304 3131 absurdum
322 3097 366 3132 me
385 3097 473 3152 neque
493 3079 639 3153 protulisse
655 3095 783 3149 nequem,
805 3096 892 3151 neque
911 3083 1062 3132 somniasse
1079 3095 1215 3149 unquam,
1232 3094 1312 3133 certo
1325 3085 1394 3133 scio.

156 3171 284 3225 Titulum
305 3175 458 3226 Proseresii
485 3171 558 3246 apud
582 3174 737 3246 Eunapium
765 3171 958 3225 inveniendum
981 3187 996 3223 a
1016 3173 1171 3226 Muratorio
1191 3178 1284 3226 notavi
1301 3174 1394 3247 negle-

155 3281 232 3318 ctum
254 3282 328 3318 ease:
359 3283 441 3337 quem
462 3270 484 3320 si
506 3271 534 3318 in
553 3265 679 3340 Eunapio
697 3265 752 3336 legi
771 3268 915 3331 scivisset,
942 3263 1113 3319 hauddubie
1132 3265 1268 3333 dedisset,
1301 3286 1337 3322 ne
1358 3266 1392 3319 ab

39 3418 43 3423 ,
156 3363 279 3417 instituti
299 3362 341 3411 sui
361 3362 467 3412 ratione
489 3357 658 3413 deflecteret.
695 3362 775 3413 Hanc
793 3363 868 3411 enim
887 3365 916 3412 in
935 3357 1090 3431 colligendo
1109 3360 1252 3414 Thesauro
1268 3378 1319 3413 suo
1338 3361 1390 3415 sibi

155 3452 248 3524 legem
265 3452 338 3518 fixit,
368 3451 465 3506 edendi
482 3453 559 3506 nullo
578 3452 675 3506 habito
697 3450 871 3506 discrimine:
897 3456 920 3507 i.
938 3451 1141 3526 Epigrammata
1158 3451 1249 3508 adhuc
1267 3459 1298 3507 in
1318 3471 1392 3508 veto-

42 3560 45 3565 ·
155 3551 206 3600 stis
226 3545 363 3619 lapidibus
381 3551 540 3600 exsistentia
564 3544 648 3620 (unde
668 3544 740 3598 unde
761 3560 890 3618 accepta,
928 3551 984 3599 sive
1010 3544 1045 3598 ab
1067 3544 1249 3615 αὐτόπταις,
1280 3552 1338 3602 sire
1360 3566 1424 3618 es·

152 3638 279 3706 schedis,
307 3644 363 3693 sive
385 3658 418 3693 es
436 3645 622 3693 recentiorum
645 3639 751 3705 libris.)
791 3640 830 3693 11.
851 3630 1072 3711 Epigrammata,
1095 3656 1162 3711 quae
1181 3639 1284 3694 dudum
1304 3647 1391 3715 perie-

154 3750 235 3799 runt,
256 3750 284 3787 at
301 3739 330 3787 io
350 3739 406 3787 suis
424 3733 502 3788 libris
522 3748 625 3787 veteres
644 3723 725 3787 nohib
741 3747 896 3786 servarunt:
924 3730 1080 3787 cuiusmodi
1095 3750 1136 3787 est
1153 3734 1309 3788 Proaeresii
1326 3741 1392 3790 tisa-

153 3829 196 3881 lua
214 3828 248 3879 ah
261 3828 387 3899 Eunapio
406 3826 485 3880 nohis
502 3843 633 3882 servatus.
673 3828 726 3882 111.
741 3828 962 3899 Epigrammata,
981 3842 1050 3897 quae
1067 3843 1124 3880 non
1140 3827 1257 3898 amplius
1273 3844 1392 3895 exstant,

154 3937 184 3974 at
200 3927 228 3974 in
244 3920 354 3974 schedis
370 3925 537 3974 recentiores
556 3919 637 3974 nobis
660 3936 810 3974 servarunt.
849 3921 909 3974 flor
931 3910 1078 3974 Muratorii
1106 3921 1256 3974 consilium
1282 3937 1391 3977 tanturn

154 4014 242 4067 abiuit
260 4030 289 4067 ur
307 4012 481 4066 damnarem:
500 4013 607 4067 laudavi
624 4019 726 4088 potius,
744 4034 769 4071 v.
785 4031 811 4067 et
826 4032 907 4070 τεσσ.
926 3997 953 4087 p
966 4016 1032 4075 ier.
1052 4009 1104 4069 lin.
1124 4020 1215 4089 iores
1230 4020 1391 4070 etiamnunc

153 4108 246 4165 laudo.
284 4107 391 4174 Habes,
415 4125 469 4180 quo
485 4110 566 4161 sensu
585 4109 733 4163 Muratorii
754 4126 805 4181 ego
823 4105 949 4160 laudator
965 4125 994 4180 p.
1013 4109 1059 4168 εἰ.
1076 4112 1135 4162 eius
1150 4109 1220 4162 mihi
1241 4107 1325 4162 verba
1339 4116 1392 4163 sim

154 4208 365 4276 interpretatus,
397 4206 535 4274 proxime,
569 4199 653 4254 credo
678 4201 711 4253 ad
735 4218 857 4255 mentem
874 4206 959 4275 ipsius
978 4202 1140 4255 Muratorii:
1177 4219 1260 4255 sensu
1279 4202 1391 4275 quidem

154 4313 227 4353 certe
245 4297 325 4369 longe
345 4294 414 4361 alio,
443 4310 524 4366 quam
552 4312 635 4366 quem
661 4295 738 4351 ΤΙΒΙ
763 4293 796 4348 ds
819 4313 864 4349 me
883 4293 1014 4369 fingebas.
1051 4300 1143 4366 Quam
1165 4294 1251 4362 bene,
1277 4314 1391 4368 quamve

153 4391 224 4445 male
243 4407 358 4463 magnus
378 4392 470 4459 magni
487 4387 550 4441 iibri
568 4404 645 4462 pater
663 4387 781 4442 mediam
802 4390 913 4442 consilii
933 4394 975 4442 sui
992 4375 1115 4462 partem,
1141 4387 1243 4462 deque
1265 4406 1328 4463 pag.
1347 4394 1392 4452 ai.

154 4502 199 4539 ms
215 4489 303 4558 egisse
319 4481 447 4542 omuibus
464 4482 556 4557 palam
569 4497 627 4550 est,
651 4486 687 4536 sit
704 4498 813 4537 secutus
831 4499 858 4537 et
877 4499 1036 4551 exsecutus,
1059 4501 1094 4538 ne
1111 4501 1185 4538 nuuc
1202 4485 1317 4556 quidem
1328 4503 1393 4540 nar·
