2926 5040
104 164 177 237 ns‘
305 140 309 147 ’
620 172 820 233 uniscunt

103 306 209 359 Tva
227 320 356 378 quattuor
379 303 573 377 quadrigarum
592 306 766 361 Circensium
789 307 918 376 vidisset,
941 326 974 361 ex
991 309 1195 383 Diptyclsorutn
1217 325 1338 376 suornm,

103 397 264 452 leodiensis
280 415 308 452 et
325 396 522 466 Biluricensis,
547 405 623 471 equis
640 405 750 453 nonnisi
770 400 891 471 dnobus,
915 417 1046 473 qnantum
1065 406 1175 474 coigit,
1196 420 1257 456 non
1273 421 1337 456 con-

102 488 240 545 iecitset..
261 492 324 544 Duo
347 510 430 563 equos
454 497 522 545 istos
544 492 579 544 od
600 492 679 565 ludos
702 494 844 547 Circenses
867 511 991 568 spectare
1010 495 1083 548 houd
1101 512 1215 568 negem:
1245 511 1275 551 st
1293 498 1339 549 l-'e-

102 591 228 638 ctionum
248 602 392 638 nnmerum
418 585 528 638 eosdem
545 591 722 659 imminptnm
744 586 844 640 docere
864 606 920 640 non
942 586 1024 641 laeile
1042 589 1116 643 dem.
1167 590 1271 643 Meum
1291 607 1337 661 ego
1378 598 1380 616 ¹

102 677 211 749 quidem
233 695 307 731 certe
325 677 380 730 dno
397 679 597 750 Diptyclrorum
617 680 887 737 Wiltlremianorum
912 698 996 751 equos
1019 683 1156 753 explicare
1179 700 1214 735 ex
1233 683 1278 735 his
1295 683 1337 734 Se-

15 772 18 777 ’
101 778 207 826 natoris
235 773 355 826 Variar.
386 772 441 825 loc.
472 778 522 826 cit.
550 771 654 825 verbis:
691 772 763 844 Equi
794 773 957 839 desteltorit',
990 789 1143 845 per'qnos
1171 777 1336 829 Circensium

101 872 246 917 ministros
275 872 386 918 missos
408 866 576 917 dentn'ttt'ant
604 870 747 931 externos,
779 866 907 938 Luciferi
934 873 1148 939 praecursorius
1174 870 1336 921 velocitates

5 954 8 959 ¹
101 960 259 1013 mittantur.

176 1052 212 1105 ln
237 1053 377 1126 Diptycho
400 1055 551 1106 Veronensi
579 1050 675 1105 itidem
706 1049 761 1105 duo
792 1052 926 1106 eiusmodi
956 1059 1019 1125 equi
1051 1070 1231 1128 spectantur,
1261 1055 1332 1109 Mtte.

102 1148 209 1202 Veron.
228 1163 288 1219 pag.
312 1149 405 1208 cx1.;
425 1146 497 1218 quod
516 1146 687 1220 Diptychunt
705 1164 762 1199 non
783 1147 911 1201 Consulis
933 1143 1043 1214 incerti,
1060 1163 1090 1201 nt
1112 1148 1229 1222 putabat
1249 1148 1332 1203 editor
1378 1160 1380 1167 '

102 1239 242 1306 inlustris,
274 1238 321 1291 scd
341 1237 461 1293 eiusdem
486 1245 600 1292 omnino
619 1244 755 1293 Anastasii
779 1258 852 1305 esse,
888 1245 966 1293 euius
988 1239 1041 1293 duo
1063 1243 1204 1315 Diptyclta
1228 1241 1331 1296 dederat
1378 1268 1380 1275 ·

102 1333 303 1399 Wilthemius,
326 1331 359 1384 ad
380 1334 446 1401 TE,
477 1335 700 1389 Eminentissime
724 1334 892 1402 Ql'llilNE,
921 1335 1061 1402 Brixiam,
1092 1351 1241 1406 antequam
1263 1354 1333 1389 sere-

100 1431 231 1479 nissimae
251 1420 329 1498 Reip.
347 1427 489 1490 Venetae,
522 1426 610 1479 altnae
629 1431 724 1479 matris
744 1427 858 1491 TVAE,
891 1426 1057 1499 legationem
1076 1430 1231 1482 Romanurn
1252 1435 1333 1482 susci-

102 1533 196 1593 peres,
225 1535 252 1573 et
271 1518 305 1570 ad
326 1519 378 1572 lnl.
404 1521 595 1572 Marchionern
615 1518 809 1573 MAFFEIVM
831 1523 985 1586 Veronam,
1016 1536 1088 1574 anno
1107 1528 1251 1596 superiore
1270 1528 1333 1576 scri·

102 1618 161 1686 psi,
188 1630 272 1684 quum
292 1617 410 1684 primum
430 1612 463 1663 ad
486 1631 528 1664 me
551 1612 680 1665 Museunt
699 1618 757 1665 eins
778 1627 849 1665 esset
870 1612 1000 1667 adlatum.

177 1705 332 1772 „Aedificia
355 1721 447 1757 autem
466 1706 598 1777 Diptyclti
622 1704 780 1761 Leodiensis
804 1704 930 1758 videntur
953 1723 1011 1759 esse
1037 1707 1144 1761 stabula
1173 1707 1334 1763 factionum.

101 1802 197 1852 Victor
219 1803 247 1851 in
270 1801 321 1852 tx.
341 1803 453 1869 regione
472 1797 569 1864 Vrbis,
605 1797 681 1850 dicta
702 1800 799 1850 Circus
819 1799 985 1867 Herminius,
1023 1806 1115 1872 posuit
1133 1803 1335 1855 stabnhllll.

94 1891 268 1965 factionum.
307 1891 444 1945 Credibile
463 1907 503 1945 est
523 1908 553 1944 ut
576 1893 693 1957 Rornae,
716 1896 755 1944 ita
774 1897 857 1944 etiarn
877 1893 1119 1968 Constantinopoli
1136 1893 1224 1950 luisse
1242 1893 1334 1948 lactio-

16 2004 19 2010 ·
101 2002 169 2038 num
191 1983 313 2051 stabula,
338 1999 407 2057 quac
429 1985 476 2036 hic
495 1980 548 2036 duo
569 2001 648 2052 sunt,
670 1982 741 2037 forte
763 1984 835 2056 qnod
860 1983 928 2038 duae
951 2002 1040 2039 essent
1063 2003 1173 2042 tantum
1191 1988 1335 2053 factiones,

102 2094 134 2133 ιιι
159 2094 239 2152 snpra
258 2076 399 2131 dictum.‘’
424 2078 566 2136 WlLTll.
590 2097 618 2150 p.
636 2084 682 2136 25.
722 2079 820 2131 Nonne
839 2077 880 2130 vel
893 2083 1013 2131 Victor-is
1034 2079 1111 2134 loeus
1130 2080 1164 2133 ab
1184 2087 1249 2156 ipso
1261 2082 1333 2141 Wil-

103 2174 208 2225 thetnio
229 2169 309 2224 datus
333 2187 462 2243 quattuor
486 2173 588 2224 Romae
603 2168 754 2241 sectiones
772 2168 936 2243 superfuisse
960 2176 1092 2228 testatur?
1113 2174 1222 2228 Tvvttt
1244 2191 1333 2229 autent

102 2264 273 2343 Diptyehum
293 2266 410 2318 Romani
429 2282 477 2318 sen
496 2262 684 2318 Occidentalis
708 2265 828 2317 consulis
849 2282 907 2317 esse
927 2262 1055 2339 deinceps
1075 2264 1239 2323 ridebimus.
1267 2304 1274 2315 ·

177 2356 423 2430 Constantinopoli
439 2358 517 2411 aliter
535 2374 593 2409 rem
611 2375 639 2408 se
660 2362 781 2429 potuisse
799 2356 898 2410 habere
915 2375 1026 2431 possum
1045 2359 1212 2431 concedere,
1236 2378 1264 2414 et
1283 2358 1332 2414 duo

103 2450 227 2504 aedilicia
248 2449 281 2502 de
304 2448 417 2503 duarum
442 2438 634 2503 tantummodo
656 2451 833 2515 litationem,
862 2451 990 2503 Prasinae
1009 2467 1036 2504 et
1054 2453 1191 2521 Venetae,
1220 2453 1333 2508 stabulis

103 2545 285 2618 explicantem
315 2559 393 2597 tanto
418 2542 526 2596 iacilius
554 2541 629 2608 fero,
664 2541 736 2613 quod
757 2543 962 2600 Wilthetniana
984 2546 1123 2618 Diptycha
1149 2550 1290 2601 anastasii
1308 2562 1331 2602 a.

104 2640 161 2690 Cri.
184 2643 248 2695 517.
273 2637 394 2690 consulis
418 2641 474 2688 sint
496 2637 814 2707 constantinopolitani,
838 2654 893 2688 non
912 2638 1040 2708 ¹Romani.
1080 2640 1158 2694 Iuvat
1177 2642 1251 2694 hanc
1273 2658 1334 2693 eon·

103 2737 237 2783 iecturant
260 2730 415 2782 Chronicon
438 2727 585 2797 Pnsehule,
614 2727 687 2800 quod
708 2745 732 2781 a.
749 2733 803 2782 Cn:
825 2733 886 2789 552.
915 2729 1080 2808 seditionem
1103 2734 1335 2807 Constantinopo-

103 2825 219 2899 litanant
237 2821 355 2876 referens
367 2821 531 2893 sectionum
549 2827 662 2875 nonnisi
681 2819 810 2896 duarum,
832 2824 961 2877 Prasiuae
977 2840 1005 2878 et
1020 2825 1156 2896 Venetae,
1177 2825 1248 2882 lacit
1264 2846 1336 2881 men·

105 2924 208 2972 tioncnt
232 2934 293 2990 pag.
315 2919 378 2978 536·
401 2918 434 2969 C.

93 3078 95 3083 .
181 3020 221 3074 Ad
240 3036 321 3092 qttem
342 3036 442 3071 annunt
466 3023 495 3071 in
516 3023 590 3070 notis
610 3023 666 3070 suis
687 3018 805 3088 (langius
828 3036 889 3091 pag.
907 3022 971 3078 595.
992 3035 1062 3075 extr.
1084 3026 1230 3094 antiquum
1252 3019 1335 3076 adfert

103 3113 241 3185 lapidem,
265 3131 358 3183 quem,
384 3117 491 3183 inquit,
518 3130 554 3162 ex
573 3112 735 3178 Iinllingero
758 3110 956 3177 describemus,
978 3120 1044 3183 puio
1066 3114 1142 3166 deest
1168 3117 1245 3187 apttd
1261 3119 1335 3169 Grn-

105 3217 211 3258 ternm:
238 3210 310 3258 itane
334 3209 415 3259 cerui
440 3210 559 3279 primum
579 3223 629 3277 pro
648 3205 719 3256 Iulio
745 3204 865 3255 Caesare
881 3206 1102 3261 BVLENGERO
1120 3210 1240 3276 lesuita,
1258 3212 1335 3261 Heu.

105 3306 191 3351 ricnm
215 3299 480 3352 sst’ttlacenvM
497 3302 639 3362 nominat,
670 3313 811 3349 sacrorum
832 3297 972 3350 Ecclesiae
993 3301 1151 3355 Turicensis
1176 3306 1335 3355 antistitem

105 3390 271 3457 secundum,
311 3389 435 3443 lluldrici
459 3391 647 3448 ZWINGLII
685 3406 881 3444 successorem.
915 3389 990 3444 conf.
1020 3392 1110 3446 Clerc.
1144 3394 1218 3447 atat.
1251 3395 1332 3449 cltois.

104 3488 137 3539 T.
157 3486 203 3539 Vl.
229 3504 255 3558 p.
275 3490 339 3541 251.
361 3499 388 3536 et
408 3485 440 3537 P.
461 3485 611 3536 Burmanni
632 3485 745 3535 caseis.
771 3491 896 3534 mentem
918 3503 945 3556 p.
967 3487 1033 3541 22²1.
1077 3484 1184 3540 Deinde
1213 3493 1335 3560 ignome

105 3581 223 3650 Congius
243 3596 298 3630 non
319 3577 449 3640 debebat,
472 3577 703 3648 Bulengerianntn
720 3575 838 3648 lapidem
859 3581 913 3628 iant
932 3574 1016 3630 luisse
1035 3578 1106 3650 apud
1124 3580 1207 3634 Grut.
1227 3589 1292 3642 338.
1309 3586 1333 3636 2.

106 3675 135 3724 ῖιι
152 3672 299 3741 notulaque
316 3670 382 3724 edit.
399 3671 480 3723 Grut.
496 3670 610 3723 Antstel.
628 3669 884 3736 reeteBuIengerns
902 3669 935 3720 de
947 3671 1028 3722 Circo
1040 3671 1164 3724 Iiontono
1181 3673 1334 3728 adducitur.

180 3773 339 3845 liiptyclton
358 3773 463 3825 TVVM
483 3771 687 3848 Occidentalis,
717 3790 774 3824 non
799 3771 948 3825 Orientalis
968 3773 1096 3828 Consulis
1118 3793 1194 3845 esse,
1219 3781 1337 3850 quaein

106 3883 215 3919 summo
236 3867 374 3939 Diptycho
395 3881 500 3918 restant
522 3866 634 3930 literae,
656 3865 773 3917 docent:
1170 3854 1173 3859 ’

604 3958 834 4013 titl’ADiORvs
1295 4018 1300 4033 ι

39 4106 40 4110 ,
105 4050 178 4124 quod
197 4051 243 4104 nbi
261 4055 380 4124 primum
396 4049 467 4114 vidi,
492 4057 584 4104 statim
604 4057 696 4123 putavi
714 4057 820 4122 integre
836 4049 982 4123 legendum
1001 4069 1059 4105 esse
1076 4055 1338 4117 intinniiloitvffl,

105 4145 139 4198 ad
163 4162 316 4215 annumque
334 4144 437 4196 Christi
457 4147 533 4210 530„
557 4149 603 4215 qni
623 4144 704 4196 ambo
722 4144 848 4197 consules
869 4149 897 4196 in
914 4144 1067 4197 Occidente
1084 4145 1191 4210 habuit,
1209 4166 1261 4201 nos
1280 4149 1339 4200 dui-i

104 4239 238 4291 arbitror:
266 4242 328 4308 quia
353 4242 380 4288 in
400 4238 544 4288 Fastorum
568 4254 688 4289 veterum
708 4237 803 4301 libris,
827 4237 997 4308 Lotnpoditts
1015 4238 1112 4289 consul
1134 4241 1225 4292 nullus
1246 4259 1340 4294 occur-

105 4337 157 4394 rit,
188 4337 240 4382 nisi
261 4348 314 4401 spuo
338 4345 409 4380 anno
429 4327 535 4381 dictum
555 4332 638 4381 inodo
658 4346 715 4393 est,
749 4335 859 4382 Orestis
877 4329 996 4402 collega:
1015 4315 1126 4400 ¹qunque
1145 4333 1295 4403 Lotnpaeiii
1314 4341 1341 4383 et

104 4429 216 4475 Orestis
237 4422 410 4473 consulatum
434 4423 607 4494 excipiebant
627 4429 691 4475 anni
715 4421 786 4487 duo,
807 4425 863 4474 Cti.
882 4427 944 4479 351.
966 4438 993 4476 et
1013 4428 1090 4489 552.¹
1112 4427 1184 4495 qnod
1202 4445 1266 4480 suos
1288 4427 1339 4479 sibi

104 4516 232 4571 consules
249 4515 403 4568 ordinat-ios
419 4532 508 4587 neque
526 4516 769 4589 Constantinopoli
791 4532 878 4586 neque
896 4516 998 4569 nonne
1015 4517 1170 4588 habebant,
1191 4525 1268 4574 uotis
1286 4519 1341 4574 lor-
