2926 5040
567 118 842 209 ‘emonnmncn
863 149 918 208 rx.
1311 152 1366 210 sn

110 297 150 339 ,ιι
179 286 209 337 in
235 287 437 338 commentario
465 287 495 338 in
521 282 584 338 libr.
607 283 660 338 lll.
687 285 829 338 iustorum
855 303 882 356 p.
903 286 967 341 425.
993 279 1081 338 eiusd.
1104 277 1174 336 edit.
1200 274 1365 352 impasti,

116 380 230 451 lnquit,
247 383 352 431 mentio
370 386 414 430 esi
427 376 462 428 'ln
479 384 594 429 vetrtsta
611 382 793 450 inscriptione
812 377 933 448 Neapoli
950 381 990 428 ss'c

397 470 619 527 ‘possvmvs
640 457 853 531 llaiptoivs

415 565 451 618 V.
465 563 507 637 =C.
530 564 635 620 CONS.
655 562 814 618 cvttavn‘
1219 632 1222 639 ‚

97 656 148 709 'at
167 658 197 709 in
216 653 376 730 appendice
395 655 475 711 alteii
494 657 560 710 huic
578 640 695 710 editioni
715 653 808 709 tulsrna
828 670 891 731 pag.
911 661 956 714 12.
975 653 1103 708 consules
1122 657 1187 708 anni
1207 653 1254 708 Cti
1273 654 1338 714 550.

405 750 563 825 Postmnisss
581 749 753 821 Lampridius
902 749 942 802 Fi.
963 748 1078 801 Orestes

116 841 262 900 dicuntur.

195 936 296 990 Satura
323 937 552 1013 Neapolitanum,
584 955 638 1009 quo
664 953 720 990 nno
744 939 824 990 nixus
851 936 998 990 l’anvinius
1024 933 1130 988 consuli
1157 932 1310 1004 Lumpmiio
1335 948 1364 989 ι.

115 1030 185 1087 Chr.
205 1033 269 1090 550.
295 1049 414 1101 nomen,
445 1049 509 1103 seu,
540 1047 569 1085 ιιι
595 1036 654 1105 ipse
679 1008 775 1096 locat,
807 1047 972 1104 praenomen
998 1027 1081 1081 modo
1103 1028 1245 1093 Postumi,
1277 1024 1367 1092 modo·

117 1123 271 1190 Postumii,
303 1122 394 1192 dedit,
425 1130 454 1179 in
481 1130 568 1200 prima
597 1127 812 1197 inscriptionum
843 1123 1006 1177 collectione
1034 1124 1135 1196 Apiani
1165 1138 1193 1177 ct
1221 1124 1362 1191 mantii,

116 1216 186 1272 edit.
198 1217 325 1288 dagout.
345 1221 427 1282 1554.
446 1216 494 1272 lul
516 1219 577 1274 CX.
597 1218 651 1272 loo.
671 1225 697 1275 i.
719 1222 761 1271 sic
781 1217 898 1270 habetur
932 1270 936 1287 ,

419 1311 659 1386 POSTHVMIVS
679 1312 891 1367 LAMPADlVS

419 1407 452 1459 V.
473 1405 581 1462 CONS.
600 1406 633 1460 C.
656 1406 689 1460 Δ.
709 1407 774 1462 ΜΡ.
794 1405 954 1459 CVRAVIT

116 1501 166 1569 qui
186 1511 267 1572 typus
285 1502 338 1552 etti
359 1502 389 1553 ln
410 1498 552 1553 nonnullis
572 1500 743 1553 Panvinlano
768 1497 883 1553 inferior
908 1501 960 1565 sir,
992 1494 1082 1549 eidem
1108 1511 1199 1550 tamen
1222 1488 1361 1569 praestat,

116 1588 193 1664 quod
212 1596 284 1645 intes
303 1591 411 1647 cotis,
430 1607 465 1647 et
477 1591 639 1647 cvnavff
658 1607 788 1664 quattuor
807 1592 856 1645 iras
876 1591 969 1645 literas
990 1591 1021 1645 C.
1041 1591 1075 1644 A.
1093 1584 1136 1643 M.
1157 1605 1184 1642 ιι
1203 1591 1225 1644 P
1250 1588 1362 1657 habeat,

115 1699 187 1757 quae
206 1688 246 1751 sl,
273 1700 304 1740 ιιι
323 1701 374 1759 par
393 1700 451 1756 est,
478 1699 695 1760 congregentur,
723 1690 825 1761 optime
844 1690 918 1751 exit,
945 1702 1001 1737 non
1021 1684 1162 1748 coxam,
1190 1681 1262 1754 quod
1283 1682 1361 1737 Onu-

115 1776 199 1852 plrrio
215 1779 366 1833 Veronensi
386 1782 536 1854 imposuit,
554 1775 603 1832 sed
622 1778 808 1834 consularis
826 1778 1023 1834 CAMPanine.
1060 1774 1293 1831 conministrum
1312 1792 1360 1828 ιιι-

115 1885 174 1925 tem
194 1871 360 1946 campaniae
377 1871 557 1926 Consulatum
576 1871 747 1925 ordinarium
767 1874 868 1926 Rornae
888 1887 995 1945 gestum
1015 1888 1071 1923 non
1090 1869 1243 1936 involvere,
1263 1874 1359 1924 monui

114 1968 147 2019 ln
166 1963 258 2036 Epist.
279 1965 439 2020 dedicaturi
453 1963 487 2019 ad
506 1964 638 2020 Nobilist.
658 1966 880 2020 ssLavRERvM
898 1982 959 2038 pag.
979 1961 1053 2037 (78.)
1073 1964 1122 2018 lin.
1145 1969 1189 2018 22.

191 2058 391 2114 Paavinianum
414 2075 508 2115 saxum
532 2058 633 2134 legitur
661 2076 785 2133 quoque,
813 2075 876 2134 post
903 2059 992 2113 Smet.
1018 2062 1152 2128 15,15.,
1179 2054 1251 2132 apud
1277 2058 1359 2112 Grut.

116 2153 190 2225 sss,
210 2156 237 2208 ι.
1194 2137 1195 2140 ‘

630 2244 841 2300 POSTVMIVS

630 2338 846 2394 LAMPADIVS

559 2436 596 2487 V.
616 2431 647 2487 C.
668 2431 777 2486 CONS.
798 2431 908 2487 CAMP.

655 2524 814 2581 CVllAVIT

115 2648 244 2723 „Capto
262 2646 282 2701 l.
303 2656 327 2704 1.
346 2647 423 2700 Hire.
441 2647 531 2719 Neap.
551 2663 577 2701 o.
595 2653 622 2708 5.
647 2644 766 2719 lapidem
792 2650 876 2700 istum
902 2649 1024 2720 primurn
1049 2647 1149 2698 omissa
1176 2659 1269 2698 tamen
1291 2661 1359 2699 roco

83 2722 94 2792 .”
114 2742 247 2812 „CONS.
266 2741 383 2813 Neapoli
402 2738 436 2793 ad
455 2741 569 2794 Divae:
589 2740 732 2795 Manilii
751 2739 894 2794 Rotundus
913 2742 1038 2814 conspici
1059 2737 1144 2803 dicit,
1163 2741 1229 2791 item
1248 2740 1324 2791 lrunc
1343 2756 1359 2792 a

114 2840 251 2907 „regione
278 2832 499 2889 POSTVMIVS.
527 2832 749 2887 LAMPADIVS.
775 2836 807 2886 V.
833 2833 865 2885 C.
885 2832 996 2886 CAMP.
1025 2830 1187 2884 Tullius.
1216 2830 1358 2884 clivos.

112 2928 197 2996 „En
227 2924 397 2982 PLATEAS.
431 2924 656 3005 Nett‘otssps.
688 2925 867 2980 RESTl'l‘Vl.
900 2923 1093 2977 CVRAVlT.”
1131 2921 1214 2992 Quod
1244 2927 1299 2976 nirl
1329 2929 1359 2978 ln

113 3019 169 3075 hac
190 3017 320 3073 editionis
346 3020 458 3073 Gruteri
484 3016 618 3071 secundae
642 3019 738 3072 notula
765 3034 863 3092 operae
885 3017 1167 3072 Ameselaedamentes
1184 3033 1360 3090 peccarunt,

113 3128 212 3190 peceat
240 3117 378 3186 posterior
397 3112 510 3185 Capaoii
539 3112 635 3165 titulus
665 3114 777 3166 omissd
788 3111 894 3173 CONS.
925 3126 992 3171 ante,
1017 3102 1149 3176 CAMP.,
1178 3125 1209 3164 ut
1239 3115 1357 3184 priorem

113 3204 240 3262 eiusdem
273 3202 389 3259 eandem
421 3221 518 3259 vocem
549 3204 655 3259 CONS.
686 3224 743 3260 non
772 3204 874 3267 habere
904 3219 1018 3272 notant,
1050 3207 1097 3276 qui
1129 3202 1255 3257 notulam
1286 3206 1359 3259 lianc

105 3272 232 3369 αριΙίιίιιιιί
253 3298 365 3354 Gruteri
385 3303 518 3372 repetitae
539 3297 700 3352 intulerunt.

190 3393 269 3462 Quae
286 3406 317 3446 ut
336 3389 440 3445 inedita
460 3389 540 3445 datur
560 3392 711 3465 inscriptio
731 3389 801 3464 apud
820 3391 894 3445 Don.
908 3390 950 3458 ll,
969 3393 1015 3449 42.
1031 3405 1092 3464 pag.
1107 3395 1152 3449 77.
1171 3406 1199 3445 et
1219 3408 1253 3444 ex
1265 3393 1358 3445 Donio

113 3483 187 3559 apud
213 3487 288 3540 Mur.
309 3486 380 3554 482,
403 3486 448 3555 4.,
478 3484 576 3539 oedem
600 3500 642 3540 est
667 3485 865 3553 Gruterianae,
899 3488 1004 3539 omisso
1031 3483 1104 3537 male
1130 3501 1211 3538 versu
1239 3483 1359 3539 seeundo

113 3578 342 3635 LAMPADIVS.

187 3672 239 3727 Est
258 3672 358 3726 etalio
378 3669 450 3745 apud
466 3669 587 3725 eundern
608 3671 682 3726 Don.
695 3669 734 3738 V,
752 3673 800 3730 65.
821 3686 883 3743 pag.
903 3675 983 3738 177.,
1008 3684 1023 3722 ι
1044 3670 1201 3723 Muratorlo
1220 3669 1358 3742 neglecta:

111 3781 195 3839 quam
220 3781 248 3821 et
273 3770 363 3839 ipsam
389 3770 413 3820 si
440 3782 497 3818 non
517 3763 631 3819 eandem
649 3768 753 3837 priori,
783 3763 872 3817 eidem
900 3780 993 3817 tamen
1018 3763 1153 3828 similem,
1183 3779 1211 3817 et
1235 3762 1357 3817 eiusdem

112 3863 188 3914 ce'ste
207 3858 328 3913 hominis
348 3876 422 3926 esse,
440 3876 521 3912 nemo
541 3875 598 3912 non
617 3856 700 3911 uidet.
726 3860 760 3912 ln
779 3857 872 3912 indice
889 3863 1033 3911 nominum
1052 3858 1182 3909 Dooiano
1201 3871 1216 3908 a
1236 3855 1358 3929 cottio

110 3952 215 4009 relatus
234 3968 277 4007 est
299 3969 362 4006 roo.
382 3952 557 4006 Postumius.-
589 3953 658 4018 „ll
679 3953 836 4006 Postumius
856 3940 1033 4024 lampadius.
1055 3953 1093 4016 V,
1111 3951 1178 4010 653·
1207 3949 1256 4003 ubl
1281 3966 1359 4022 prae-

110 4064 216 4103 nomen
242 4044 386 4121 Lampadii
421 4050 577 4120 precarium
604 4045 648 4102 M.
682 4041 837 4120 (Marcus)
869 4063 926 4098 non
955 4040 1145 4115 tolerandum,
1184 4043 1232 4099 sed
1260 4042 1360 4117 tollen·

112 4139 180 4196 dum
199 4154 251 4194 est.
360 4160 366 4181 ι

189 4233 221 4289 Si
239 4234 384 4288 Doniame
401 4231 505 4288 Classis
521 4229 554 4286 V.
574 4234 783 4307 inscriptionem
800 4233 847 4291 65.
867 4228 1003 4285 diuersam
1021 4246 1081 4284 esse
1100 4244 1115 4281 a
1134 4231 1181 4287 la.
1199 4228 1302 4283 Classis
1319 4230 1358 4286 ll.

114 4326 223 4402 placeat
247 4331 354 4400 magis,
380 4344 437 4382 non
461 4327 633 4380 dissentiam.
671 4325 749 4379 Nihil
771 4328 845 4378 enirn
871 4341 928 4394 etr,
956 4323 1028 4396 quod
1054 4324 1161 4389 obstet,
1188 4341 1244 4393 quo
1264 4327 1359 4378 minus

115 4425 321 4488 existimemus,
352 4418 387 4473 alr
412 4418 509 4473 eodem
527 4417 696 4494 Lampadio,
726 4408 951 4475 consularitatem
970 4420 1137 4489 Campaniae
1162 4420 1361 4483 sustinentem,

115 4514 195 4590 plura
214 4529 298 4590 opera
317 4528 346 4569 et
366 4511 490 4568 aedificia
510 4510 620 4588 publiea
639 4527 749 4581 curata,
768 4511 965 4586 statuendasque
984 4511 1110 4566 ordinata
1128 4527 1202 4563 esse:
1228 4515 1273 4563 cui
1294 4515 1360 4563 titu-
