2926 5040
550 150 835 210 EPIGRAPHICA.
867 152 890 208 1.
912 152 951 208 Π.
1303 156 1357 213 527

103 286 251 363 custodem
264 302 375 360 prorsne
391 289 532 359 ignorent.
569 281 648 339 ilenti
666 281 790 354 abludit,
809 283 883 358 quod
899 289 930 339 in
947 284 1086 359 Hesychio
1105 282 1208 361 legitur
1221 280 1358 364 Νεωρός,

103 376 328 461 νεωριοᾳύλαξ.

182 474 235 527 Ex
260 471 480 527 Nssoiitlcit
507 485 557 545 pro
582 467 835 525 NEOPHYLACE
857 467 953 524 eadem
973 471 1053 544 piane
1074 467 1213 524 scribendi
1231 474 1357 533 ratione,

104 581 162 640 qna
181 570 211 620 in
228 563 328 619 eodem
343 562 434 637 lapide
454 567 605 618 Veronensi
624 578 703 617 versu
729 564 950 638 antepenultimo
972 564 1123 631 FILETE,
1152 562 1258 635 aliaque
1277 579 1355 617 cun-

104 664 239 734 primirs
265 655 509 723 ostiariorum,
536 656 616 731 longe
636 657 770 731 plurima,
798 653 859 715 ὅσα
874 656 972 725 κόνις,
992 657 1108 711 eandem
1130 656 1357 730 orthogrrphism

105 755 165 811 τοῦ
181 755 202 807 1³
218 767 268 825 pro
288 750 337 805 Pil
359 767 478 809 servant.
515 748 578 806 vtd.
602 766 671 823 quae
695 756 727 804 ln
755 755 956 804 commentario
984 749 1019 804 ad
1037 749 1157 825 lapidem
1176 751 1357 805 Turicensem

107 862 172 921 pag·
189 848 254 904 575.
273 841 356 900 dedi..
1282 828 1284 832 Α

185 937 243 994 Act
264 938 441 992 vehementer
462 934 559 1004 fuller,
599 952 646 992 aur
673 936 821 1011 inlepide
845 938 1006 991 Rauennate
1036 933 1107 1011 epod
1138 937 1213 990 Mur.
1237 939 1353 1004 831,6.

109 1049 203 1087 versus
223 1035 314 1104 quarti
329 1030 427 1085 lacuna
447 1032 543 1086 eodem
562 1029 754 1115 Ngoplsylacis
772 1035 883 1084 nomine
903 1029 1005 1104 expleri
1023 1046 1051 1085 et
1070 1035 1202 1104 integrari
1222 1029 1319 1085 debet:

473 1123 688 1197 Neopsrnux.
729 1110 799 1179 ιῖιῖ.
818 1120 1001 1178 ror‘rvnr.

186 1218 269 1274 Plura
290 1214 607 1292 exponere'verecundia
624 1216 771 1292 prohihet,
807 1235 843 1270 ne
869 1221 959 1290 primo
983 1217 1038 1270 hoc
1062 1216 1207 1271 literarum
1229 1234 1356 1273 mearum

110 1310 189 1366 aditu
208 1312 340 1366 molestus
354 1316 439 1365 nimis
456 1316 525 1378 sim,
546 1316 683 1385 nimisque
704 1316 888 1384 importunus.
926 1309 1008 1376 Vale,
1028 1310 1224 1365 inlustrissime
1239 1314 1356 1381 Comes,

109 1423 175 1460 cuns
195 1406 300 1460 Achate
321 1420 369 1460 tuo
388 1404 562 1460 nobilissimo
583 1405 797 1471 SEGVIERIO,
819 1419 847 1457 et
867 1409 1007 1457 in'eorum
1027 1421 1071 1457 nse
1084 1422 1201 1458 numero
1219 1411 1356 1471 existima,

110 1506 158 1571 qui
175 1515 220 1554 tua
240 1504 268 1553 in
288 1517 346 1553 rem
371 1499 540 1565 literarium,
572 1503 693 1551 maxime
721 1496 922 1570 antiquarium,
954 1500 1051 1550 merita
1074 1498 1295 1571 praeclarissima
1322 1517 1355 1554 ex

109 1599 205 1646 animo
241 1597 406 1666 suspiciunt.
463 1591 620 1645 Tetrici
658 1591 858 1648 Helvetiorum.
911 1592 982 1665 lpris
1013 1588 1107 1646 Idibus
1142 1592 1353 1648 Nouembribus.

109 1687 330 1744 Moccxtvtl.

560 1826 908 1844 ψ·

711 1974 753 2033 ΙΙ.

989 2094 1085 2140 Verona
1105 2089 1129 2140 i.
1148 2092 1218 2140 sze
1240 2091 1315 2140 iiii.

452 2181 646 2242 lllurtrirslmo
665 2205 680 2240 e
700 2184 857 2241 dottisslmo
878 2185 1007 2258 signore!

185 2280 250 2335 Non
274 2295 356 2353 posro
382 2276 441 2332 dire
466 2299 520 2334 con
543 2297 646 2351 quanto
671 2286 778 2354 piacere
803 2279 884 2332 abbir
908 2285 1030 2332 ricevuto
1052 2278 1079 2330 la
1103 2292 1152 2332 sua
1169 2277 1351 2351 gentilissims

108 2367 226 2441 lettera,
244 2391 258 2427 e
275 2373 295 2426 il
313 2366 441 2448 prezioso
457 2375 550 2446 regalo
569 2374 613 2427 del
631 2392 681 2428 sno
701 2373 746 2427 bel
766 2373 849 2428 libro.
888 2372 1042 2443 Dl,qnesto
1057 2390 1113 2425 non
1133 2373 1170 2425 ho
1188 2370 1288 2425 reduto
1303 2390 1352 2424 nn-

109 2483 225 2519 corase
244 2484 300 2519 non
325 2466 387 2538 que'
410 2465 521 2539 luoglri,
560 2468 652 2521 ch'era
678 2472 835 2522 necessario
861 2484 909 2540 per
938 2463 1097 2539 rispondere
1113 2467 1138 2517 a’
1158 2470 1219 2519 suoi
1234 2471 1350 2536 quesiti,

109 2560 211 2632 perche
230 2561 267 2613 ho
284 2558 378 2613 voluto
396 2557 438 2612 lar
459 2566 578 2633 rispoeta
597 2560 700 2616 subito.
740 2561 821 2615 Dalle
846 2560 936 2634 poche
964 2564 1081 2633 pagine,
1109 2560 1161 2612 che
1178 2559 1215 2612 ho
1238 2557 1351 2625 vedute,

108 2653 149 2707 lro
168 2655 234 2728 pero
258 2654 382 2707 raccolte
398 2669 502 2725 annto
525 2654 579 2707 elle
596 2656 692 2728 peschi
709 2652 794 2709 londo
813 2630 886 2707 nelle
905 2651 1079 2721 erudirione,
1107 2651 1168 2706 edi
1187 2667 1289 2724 quanto
1308 2657 1352 2706 in·

108 2765 199 2821 gegno
218 2765 233 2800 e
252 2763 347 2821 sapere
371 2752 411 2801 sia
428 2746 540 2802 lornisa.
579 2750 610 2801 Io
630 2744 1020 2826 luggo'lepcorrispondenze,
1049 2763 1065 2799 e
1085 2747 1179 2819 percio
1198 2748 1245 2819 pisi
1265 2751 1351 2802 amici

107 2840 294 2914 hoperdutl,
330 2857 376 2893 ma
395 2857 409 2894 a
428 2844 473 2894 cio
494 2846 533 2895 mi
556 2840 684 2895 sforzono
702 2840 867 2915 gl’lmpaeci
888 2841 940 2895 che
954 2841 1006 2908 ho,
1033 2838 1091 2892 ela
1111 2838 1258 2892 deholensa
1277 2837 1350 2912 degli

107 2905 191 2987 occini
207 2937 289 3001 miei,
307 2933 479 2989 trovandomi
496 2940 525 2988 in
539 2933 583 2988 etti
604 2933 632 2988 dt
652 2939 688 2996 75
706 2939 782 2988 enni.
820 2935 881 2988 Con
900 2934 947 2986 Lei
966 2935 1088 3006 peronii
1109 2931 1169 2985 sorti
1185 2949 1290 3006 sempre
1304 2949 1351 2987 ca-

106 3031 221 3083 rissimo
239 3042 301 3081 aser
321 3033 515 3094 commercio,
533 3027 635 3102 porche
654 3033 693 3082 mi
716 3027 761 3082 dia
779 3028 885 3082 licensa
903 3026 931 3081 di
951 3026 1079 3081 scriverle
1098 3044 1147 3100 pes
1166 3026 1235 3080 ultra
1251 3041 1351 3095 mano,

106 3138 166 3174 non
187 3136 269 3175 senza
284 3136 354 3196 pena
378 3122 523 3174 scrivendo
540 3136 636 3194 questa
655 3119 684 3176 di
703 3139 805 3196 pugno.

184 3215 216 3269 Δ·
239 3219 341 3287 quesiti
367 3213 402 3268 da
426 3215 462 3268 lei
488 3213 592 3269 isttimi
615 3213 747 3290 rispondo
775 3232 829 3269 con
848 3213 948 3269 liberti
966 3213 1037 3267 nelle
1055 3228 1131 3267 certe
1150 3228 1166 3265 a
1182 3228 1275 3286 putee
1303 3229 1349 3268 ma

105 3312 149 3361 mi
162 3311 269 3382 riperto
284 3326 390 3383 sempre
403 3308 429 3361 al
444 3307 566 3382 gindizio
584 3326 642 3362 suo.
681 3306 815 3362 confesso
835 3325 888 3362 con
907 3325 1032 3376 sessore,
1051 3308 1125 3360 ch'io
1143 3324 1200 3360 non
1219 3321 1283 3361 aves
1299 3326 1371 3361 πιο-ι

106 3405 177 3457 tisis
191 3399 262 3454 della
281 3418 330 3454 sua
347 3418 480 3476 persona,
505 3402 540 3456 ne
559 3418 624 3456 area
643 3399 761 3470 reduto,
784 3417 889 3474 quanto
908 3400 960 3454 ella
980 3402 1016 3454 he
1035 3399 1098 3454 dato
1118 3406 1147 3455 in
1165 3398 1236 3454 luce.
1273 3394 1349 3457 Seno

107 3510 184 3549 stato
201 3511 250 3568 per
268 3500 340 3549 assai
359 3510 451 3570 tempo
470 3496 584 3551 lontano
601 3495 710 3569 daogni
733 3494 825 3550 erudio
845 3493 1023 3562 d'onsiclsisi,
1066 3494 1280 3567 singolarmente
1300 3515 1349 3570 per

61 3576 67 3586 ’
106 3585 215 3641 vederla
233 3593 262 3642 in
276 3594 339 3663 oggi
353 3592 376 3643 ri
397 3589 577 3644 multrattssa.
614 3590 679 3644 Non
696 3606 727 3643 so
746 3589 862 3643 ch'altro
875 3603 1001 3663 suggesto
1020 3591 1044 3641 sl
1060 3592 1130 3642 trevi
1145 3602 1258 3660 capace,
1276 3591 1349 3644 com'

105 3681 160 3735 ellr
180 3658 213 3748 l,
239 3672 267 3734 ‹lt
286 3683 431 3749 risolvere,
451 3681 479 3736 di
507 3681 667 3749 emendare,
697 3682 726 3735 ἀί
748 3680 873 3737 tredurre
891 3683 938 3736 un‘
961 3686 1091 3735 iscrizion
1113 3682 1205 3737 Greca
1221 3686 1251 3735 in
1268 3689 1349 3739 versi.

104 3773 192 3848 Dopo
219 3774 357 3844 Fahretti,
394 3775 498 3842 Terre,
535 3777 739 3829 eBuonarroti
760 3775 918 3830 l'antichitl
943 3781 1062 3849 giaceva.
1100 3773 1284 3830 Montlaucon
1302 3793 1349 3831 era

104 3858 202 3935 slctto,
239 3885 285 3921 ma
305 3886 361 3922 non
385 3873 414 3922 in
438 3873 528 3942 questi
551 3870 635 3942 studj.
680 3871 863 3925 Unicumente
888 3869 910 3923 il
934 3869 1001 3943 Sgre
1023 3867 1159 3924 Annibale
1179 3869 1293 3924 Olivieri
1319 3870 1348 3926 di

103 3962 208 4017 Pesero
230 3961 266 4014 ha
281 3976 410 4037 scoperto
430 3962 546 4037 quelche
563 3980 644 4031 core,
665 3963 698 4017 ed
715 3965 751 4017 ha
774 3969 908 4037 ingegno,
927 3981 942 4016 e
963 3978 1057 4036 tepere
1077 3977 1136 4015 atto
1156 3977 1292 4034 aquesto.
1317 3964 1322 3981 '

164 4056 230 4132 ,Ma
250 4073 332 4111 eosne
355 4061 412 4110 mai
432 4057 560 4111 ellenon
584 4056 701 4132 &presa
726 4057 760 4111 da
788 4055 920 4111 curiositl
942 4052 970 4111 di
990 4055 1070 4109 redes
1088 4055 1210 4110 l'ltsliai
1246 4044 1348 4127 creda,

103 4146 158 4202 ehe
178 4165 260 4202 senaa
280 4146 377 4203 vedere
396 4149 422 4202 le
442 4155 531 4224 pierre
548 4150 713 4220 medeeime,
741 4155 765 4206 si
782 4150 857 4225 paria
879 4168 987 4224 sempre
1007 4150 1052 4203 all'
1070 4166 1179 4203 oscuro.
1216 4150 1258 4203 Lo
1274 4157 1347 4206 rico-

101 4258 189 4296 nosca
205 4247 236 4298 in
255 4242 399 4310 Reineeio,
424 4241 507 4296 edin
522 4243 677 4313 Muratori,
701 4247 753 4298 che
772 4263 801 4298 se
820 4244 891 4298 bene
910 4250 941 4298 ln
961 4242 1056 4310 ltalia,
1080 4243 1107 4297 le
1126 4244 1161 4297 ha
1180 4247 1247 4319 pero
1268 4263 1347 4318 prese

102 4349 176 4390 tutte
198 4334 233 4387 da
249 4335 366 4404 schede,
394 4354 412 4389 o
436 4336 471 4389 da
495 4336 602 4392 lettere.
641 4340 675 4393 Se
695 4338 771 4392 verri
789 4354 804 4390 a
822 4341 948 4404 Verona,
979 4342 1008 4393 io
1024 4338 1061 4391 le
1081 4338 1151 4392 offro
1168 4354 1223 4392 nne
1238 4340 1347 4414 piccola

102 4443 199 4483 stanes
216 4432 246 4482 in
264 4433 322 4482 mia
348 4446 420 4484 care.
459 4429 548 4485 Vedri
564 4448 618 4485 nna
636 4432 776 4497 raccolte,
796 4431 848 4486 che
866 4440 902 4485 ne
921 4433 957 4485 ha
975 4445 1058 4485 cento
1076 4428 1105 4485 di
1124 4432 1241 4488 Greehe.
1278 4432 1345 4488 Scri

102 4523 228 4593 accolro,
262 4528 409 4591 crescito,
437 4529 628 4599 ragioneremo
647 4541 663 4579 a
682 4532 808 4602 piacere,
829 4525 851 4581 il
870 4525 921 4581 che
932 4522 1077 4580 rcrivendo
1088 4543 1146 4579 non
1161 4531 1185 4580 ri
1208 4529 1264 4601 pno
1278 4525 1345 4582 lare.
