2926 5040
563 151 834 210 EPIGRAPHICA
853 150 923 209 XII.
1312 158 1366 217 5⁵⁷

124 281 195 337 locri
219 280 312 339 iacint.
341 283 443 356 Longa
466 282 549 340 aliam
567 287 627 337 eiue
649 288 784 340 rationem
809 281 868 337 iore
892 298 1070 357 conceperam
1095 288 1199 343 animur
1235 284 1293 366 er
1310 282 1368 339 lor-

126 392 198 431 taam
217 377 260 429 Tu
285 380 342 429 ianr
364 381 427 453 'ipre
451 375 562 442 viditti,
592 370 678 450 eaqu'e
697 394 748 447 ego
766 376 867 430 iruatra
887 376 953 434 Tibi
970 392 1063 433 narro.
1100 379 1183 448 Vale,
1211 380 1261 435 Vlr
1280 378 1369 434 celeb.

126 486 154 527 aa
173 471 243 528 mihi
263 467 354 527 latere
374 488 464 546 perge.
502 469 609 544 Scripai
628 468 700 544 prid.
719 468 784 528 Kal.
804 469 881 544 Sept.

576 708 942 729 Μ

653 908 656 913 ’
699 912 783 973 -ΧΙΙ,

347 1058 439 1120 Viro
465 1059 719 1121 celeberrimo
748 1073 859 1140 atque
884 1057 1152 1120 eruditissimo

192 1173 431 1241 ioniam
475 1174 774 1241 CASPARO
819 1170 1333 1258 HAGENssvcttlo-

657 1295 695 1381 ε..
731 1297 766 1357 Ρ.
807 1297 844 1355 n.

564 1414 618 1465 10·
648 1416 730 1492 llll.
761 1414 931 1464 natant.

205 1619 425 1691 communicarit
443 1637 531 1694 nuper
551 1636 660 1675 mecum
681 1620 875 1676 celeberrimae
895 1621 1020 1694 Kappiua
1039 1632 1134 1673 notter
1151 1617 1261 1685 literae,
1288 1632 1305 1671 a
1324 1616 1375 1684 Te,

129 1715 173 1764 rlr
193 1710 378 1765 laudatissimi
403 1719 540 1781 nominis,
568 1730 631 1767 ante
649 1713 793 1767 biennium
819 1712 875 1768 iere
897 1713 932 1767 ad
951 1713 993 1769 ci.
1013 1714 1160 1767 Leicitium
1178 1728 1318 1780 exaratae,
1344 1716 1375 1765 ln

129 1804 229 1876 quibua
249 1804 422 1859 vehementer
440 1789 569 1861 adrerum
589 1824 744 1875 auctorem,
772 1808 837 1861 Tibi
864 1823 929 1862 tnnc
949 1811 1079 1881 temporie
1098 1812 1271 1880 Ignoratum,
1298 1820 1375 1860 nnnc

130 1915 223 1953 autem
242 1914 356 1965 notum,
381 1883 549 1953 recedaionia
569 1902 758 1974 Epistularum
779 1901 1043 1975 Epigraplticarum,
1066 1917 1135 1972 quae
1154 1906 1184 1954 in
1202 1898 1297 1954 ltbelio
1315 1914 1376 1953 aar*

129 1993 240 2057 naculo,
260 1992 476 2061 Ztrverlaeesige
489 1992 690 2059 Nnrlrrieirten,
711 1993 826 2066 prodiit,
845 1995 983 2048 invelieria
1002 2011 1185 2068 magnumque
1205 1997 1258 2066 ipai
1271 1991 1376 2046 malma

131 2091 256 2139 ruinario.
283 2087 360 2158 degi
380 2104 487 2159 quoque
507 2093 647 2160 specimen
665 2089 720 2141 illie
739 2088 829 2140 literis
850 2085 988 2142 adiectum
1008 2087 1201 2153 refutationis,
1219 2085 1292 2158 quod
1312 2102 1377 2159 pro·

130 2181 215 2235 liram
235 2179 312 2232 iilam
332 2195 359 2233 et
379 2196 523 2253 operosam
541 2196 568 2234 et
588 2180 706 2235 calidam
733 2179 791 2234 iore
818 2179 919 2257 prodit.
958 2182 1029 2236 Noti
1048 2198 1156 2254 quoque
1176 2179 1287 2234 tandem
1308 2180 1376 2234 'l'ilri

131 2292 188 2330 non
213 2273 316 2339 latere,
346 2277 513 2328 recentioris
540 2275 630 2340 illiue,
661 2290 731 2348 quae
755 2272 841 2328 bilem
864 2274 933 2329 adeo
951 2274 1017 2329 Tibi
1040 2279 1139 2343 morit,
1172 2289 1216 2326 me
1237 2289 1377 2327 auctorem

131 2385 201 2422 erre.
239 2369 373 2439 Quirqnie
399 2365 428 2420 id
455 2365 488 2420 nd
509 2369 566 2436 Te,
593 2374 650 2423 tiro
669 2370 735 2423 irinc
754 2370 865 2444 Lipaia,
893 2373 951 2423 alre
970 2384 985 2422 e
1003 2368 1117 2441 Belgio,
1145 2366 1281 2433 retulerit,
1313 2380 1377 2419 vera

132 2461 236 2516 retulit.
275 2461 407 2515 Cauarum
436 2462 503 2515 hinc
522 2478 549 2517 et
570 2478 761 2536 argumentum
789 2463 823 2516 ad
849 2463 908 2529 Te,
940 2466 982 2516 vir
1010 2461 1208 2530 celeberrime,
1237 2458 1377 2515 scribendi

131 2560 253 2629 rumpei,
286 2561 447 2627 ueniamque
471 2570 487 2607 a
512 2556 553 2610 'l'e
579 2574 673 2610 eorum
698 2555 829 2630 rogandi,
862 2562 932 2628 qn'ae
956 2556 1024 2609 mihi
1049 2554 1121 2608 lorte
1142 2553 1302 2609 exciderunt
1317 2556 1377 2607 non

132 2647 361 2704 animadvertenti
380 2649 484 2723 gloriae
504 2665 567 2703 tuae
587 2654 697 2705 iniuria.
736 2653 802 2705 Post
822 2649 965 2716 redarum,
993 2654 1039 2722 qui
1060 2667 1105 2702 me
1125 2664 1190 2702 tunc
1210 2646 1378 2701 acribentem

131 2744 258 2811 tenebat,
276 2742 410 2797 sertorem
428 2742 572 2817 intelligo,
590 2749 711 2818 potuitne
731 2743 867 2818 quaedam
883 2744 1069 2811 ditrimulari,
1088 2742 1142 2796 alia
1160 2747 1255 2796 mitiut
1270 2736 1378 2810 efferri,

132 2837 251 2911 denique
279 2854 324 2891 me
352 2835 461 2911 lapsum
490 2838 556 2892 hine
586 2837 664 2892 illinc
693 2836 779 2892 iniero
808 2843 937 2905 inscitia,
969 2852 1016 2891 out
1040 2841 1281 2911 praecipitatione.
1321 2837 1379 2890 'let

132 2948 224 2986 autern
248 2916 296 2997 ea,
329 2945 357 2985 et
383 2946 438 2984 tam
464 2935 557 3004 gratia
582 2947 609 2985 et
630 2929 743 3004 indigna
765 2950 840 3000 eree,
871 2947 953 3003 atque
973 2947 1003 2984 tu
1021 2935 1178 2996 eriatimaa,
1209 2933 1254 2983 tir
1272 2944 1379 3002 putem.

132 3025 166 3079 ln
184 3043 218 3079 eo
237 3040 313 3078 certo
333 3028 434 3079 certine
454 3023 573 3092 lalleria,
592 3040 619 3078 et
639 3041 699 3079 toto
720 3025 797 3079 caelo
816 3041 832 3078 a
851 3041 916 3078 vero
936 3022 1016 3091 abet,
1038 3028 1062 3077 ai
1082 3037 1162 3097 putat
1182 3021 1379 3098 (audiamini

133 3134 161 3172 to
180 3115 295 3193 putare)
316 3135 362 3172 me
382 3117 416 3170 ab
436 3118 568 3172 lielretiia
589 3118 640 3172 tibi
660 3119 729 3171 male
749 3116 924 3192 cupientibus
945 3117 1125 3172 subornatum
1143 3134 1213 3171 ease.
1246 3118 1380 3171 iniuriam

133 3228 161 3264 et
185 3213 254 3264 milti
279 3210 361 3277 iacit,
394 3229 421 3265 et
450 3216 503 3265 tuit
528 3210 635 3265 citibna
662 3228 717 3265 tam
743 3217 839 3283 iniqua
859 3216 992 3285 auspicio.
1032 3212 1137 3284 Nempe
1155 3229 1212 3265 non
1231 3217 1307 3267 noeti
1326 3228 1382 3280 nae,

133 3310 179 3358 cui
198 3323 285 3376 neque
305 3304 409 3359 venalia
429 3305 567 3371 calamna,
595 3324 683 3377 ncque
703 3310 808 3359 animm
832 3303 964 3359 fuerintne
985 3321 1036 3359 eat.
1074 3307 1172 3360 Amori
1190 3305 1305 3373 odiare,
1333 3319 1382 3379 pa-

134 3417 194 3453 rum
212 3402 295 3466 meir,
323 3396 419 3451 inditia
439 3403 553 3452 omniuo
571 3398 643 3453 nilril
662 3398 763 3453 tribuo.
803 3398 896 3453 Laudo
917 3398 961 3452 tel
986 3403 1016 3453 in
1036 3404 1103 3473 ipaie
1124 3403 1261 3467 inimicit,
1289 3404 1313 3453 ei
1332 3403 1380 3471 qui

134 3493 204 3546 milti
223 3506 303 3558 tunt,
333 3491 381 3544 aed
400 3508 463 3545 aunt
482 3490 586 3564 oppido
604 3497 702 3566 pauci,
734 3509 761 3546 et
783 3492 953 3567 reprehendo
979 3498 1008 3546 in
1028 3497 1251 3565 amicia„qune‚
1281 3491 1382 3547 lactio-

133 3603 199 3638 num
218 3602 297 3652 otor,
326 3598 382 3637 nnn
402 3601 467 3637 tane
487 3585 588 3638 multoe
608 3586 714 3652 babeo,
741 3603 810 3658 qnae
837 3593 936 3641 mereri
959 3584 1052 3640 laudea
1073 3602 1120 3640 aut
1138 3587 1381 3660 reprehenaionem

133 3677 278 3743 videntur,
312 3684 472 3750 praesertim
497 3684 525 3731 in
555 3678 667 3752 publico
690 3680 761 3732 loco.
800 3679 939 3752 intelliget
960 3682 1039 3733 liuius
1060 3685 1115 3733 mei
1135 3685 1222 3735 moris
1242 3686 1380 3735 rationem

134 3792 168 3825 er
193 3776 244 3836 iit,
275 3788 343 3843 qnae
369 3790 457 3845 nuper
481 3768 515 3823 ad
535 3778 690 3845 arrogantia
710 3774 773 3826 itali
793 3774 922 3828 Carmelii
947 3790 1034 3845 nugat
1054 3778 1084 3827 in
1103 3777 1181 3830 Actia
1200 3773 1381 3829 Eruditomm

134 3865 273 3941 respondi.
313 3864 455 3938 Quidquid
480 3869 509 3918 iu
536 3865 805 3919 commendationem
832 3882 924 3932 tuam,
956 3882 1003 3920 aut
1027 3884 1123 3934 accur,
1155 3865 1265 3935 dixero,
1295 3866 1381 3934 domi,

101 3958 231 4035 perede,
248 3975 345 4021 natum
366 3955 435 4043 fuit,
455 3975 512 4012 non
531 3957 642 4013 aliunde
660 3959 818 4022 eonditum,
842 3962 965 4014 tentatie
985 3976 1079 4028 amor,
1098 3979 1155 4016 non
1175 3967 1262 4016 animi
1282 3967 1381 4017 titium

134 4052 260 4127 aliquod,
290 4068 369 4106 ame
388 4057 479 4125 eregit
498 4066 526 4105 et
546 4056 711 4126 impetravit.
748 4055 918 4108 Parturienti
948 4052 1053 4122 (reddo
1071 4054 1138 4110 Tibi
1156 4073 1253 4110 rocem
1271 4057 1380 4125 Tuam)

133 4134 217 4203 nemo
237 4149 308 4201 mihi
326 4146 433 4200 ederint
452 4144 594 4203 llelvetiut
614 4146 734 4208 saxove,
765 4144 799 4201 de
818 4148 938 4201 coneilio
958 4165 1036 4212 men,
1066 4162 1212 4222 antequam
1236 4167 1380 4205 exsecutus

133 4241 263 4308 inissem,
290 4257 371 4295 nemo
391 4244 467 4293 virua
485 4255 645 4293 mortuuate
663 4245 751 4294 novit.
790 4239 823 4296 ld
842 4258 937 4297 tancre
960 4242 1012 4296 tibi
1032 4240 1155 4310 affirmo,
1182 4259 1284 4315 eaque,
1310 4260 1381 4318 quaa

133 4341 223 4390 virum
242 4335 388 4388 honettum
410 4323 588 4401 decel,1ide.
622 4332 829 4390 Relutationem
848 4316 928 4391 edere
947 4341 971 4390 ai
991 4340 1135 4405 inatitaee',
1153 4335 1276 4408 (moliris
1294 4343 1381 4405 enim,

135 4445 167 4484 ut
190 4427 263 4483 lama
291 4424 365 4502 lert)
395 4445 453 4480 non
481 4425 639 4495 intercedo,
668 4415 726 4483 non
754 4428 897 4503 deprecor.
935 4431 1032 4485 Liceat
1061 4429 1112 4485 tibi
1141 4447 1186 4485 me
1213 4435 1381 4493 nominatim

135 4520 256 4599 aggredi.
297 4519 350 4579 Sed
368 4518 398 4578 id
416 4520 499 4576 velim
518 4520 571 4578 tihi
589 4520 709 4596 dictam,
722 4522 825 4615 hylicae
849 4529 1058 4602 monitumque,
1088 4526 1295 4602 quibuacanque
1321 4541 1381 4583 tatt-
