2926 5040
461 197 467 213 ·
522 186 939 257 ranunculo-
1209 174 1243 187 ”
1330 192 1351 257 s

103 371 260 446 quatenus
275 357 429 444 exemplis
449 358 558 423 doceri
572 369 699 440 potest,
726 357 796 423 fere
817 358 1015 441 posthabito,
1032 362 1196 427 Romanae
1212 362 1351 447 antiqui·
1374 341 1380 353 ⁴

103 473 176 538 tatis
198 472 371 557 praecipua
393 474 475 537 ratio
496 473 682 535 haberetur.
726 470 906 557 Digerendi
925 469 1024 557 igitur
1042 485 1115 538 ante
1134 475 1240 540 omnia
1259 487 1351 540 erant

104 587 189 651 tituli
210 606 281 650 eum
301 586 334 649 in
355 588 502 661 modum,
525 595 561 647 ut
582 583 762 669 quicunque
783 585 815 647 in
829 585 918 649 istam
932 584 1125 669 disciplinam
1140 586 1348 666 incumberet,

103 699 228 765 facilius
240 720 334 783 quam
350 697 501 762 consultis
516 696 606 760 libris
626 696 749 773 Smetii,
764 696 909 774 Gruteri,
923 698 1075 775 Reinesii,
1092 700 1218 783 Sponii,
1236 698 1348 778 Donii,

104 811 264 887 Fabretti,
276 810 382 886 (indii,
393 809 582 884 Muratorii,
594 810 729 886 Maffeii
741 821 773 872 et
784 810 916 886 Donati,
929 814 1078 895 (quorum
1090 816 1199 876 decem
1208 814 1351 879 virorum
1377 863 1382 883 .

105 929 275 989 doctorum
305 945 398 988 curas
428 944 636 1007 magnorum
664 922 900 987 collectionum
928 925 1007 990 trito
1034 924 1157 989 iamiam
1189 927 1350 991 vocabulo
1457 966 1460 971 ⁴

107 1039 377 1120 comprehendere
399 1038 503 1116 soleo)
528 1035 691 1121 gravioris
711 1036 863 1101 momenti
880 1035 990 1103 titulos
1009 1038 1182 1122 plerosque
1200 1041 1241 1129 ad
1255 1049 1352 1121 caput

105 1150 243 1235 quodvis
258 1149 427 1233 praecipue
441 1159 632 1232 spectantes,
652 1169 718 1215 uno
738 1149 825 1213 velut
841 1161 1028 1232 conspectu,
1051 1171 1110 1213 nec
1128 1150 1194 1215 sine
1215 1155 1349 1235 quadam

66 1240 69 1245 ¹
105 1262 315 1327 delectatione
336 1274 446 1344 posset
467 1261 674 1345 perlustrare.
720 1263 843 1325 Verum
864 1264 949 1325 hunc
968 1273 1105 1345 propter
1125 1261 1219 1327 linem
1240 1265 1351 1346 plures

103 1375 181 1439 mihi
202 1378 329 1439 classes
350 1386 440 1439 erant
460 1374 679 1451 instituendae,
703 1364 864 1459 longeque
877 1375 970 1452 aliae,
996 1396 1034 1459 ac
1054 1375 1154 1439 visum
1174 1386 1243 1441 erat
1259 1375 1352 1457 prio·

105 1488 208 1563 ribus,
234 1488 348 1570 quibus
364 1509 457 1572 quam
471 1488 641 1551 maximum
656 1486 897 1569 inscriptionum
911 1510 1074 1553 numerum
1089 1488 1242 1573 'colligere
1256 1490 1355 1552 unice·
1415 1522 1418 1529 ·

104 1600 305 1683 propositum
335 1599 459 1664 fuisset.
504 1599 577 1679 Qua
605 1599 639 1663 in
665 1620 703 1663 re
723 1600 882 1664 fatendum
905 1622 982 1665 sane
1004 1600 1080 1663 mihi
1100 1601 1214 1676 video,
1253 1622 1349 1664 unum

103 1715 250 1799 idemque
272 1735 381 1776 saxium
404 1713 475 1796 pari
495 1713 566 1776 fece
586 1712 656 1776 iure
679 1712 805 1775 diversa
825 1732 921 1794 saepe
942 1714 982 1774 ad
1003 1711 1107 1793 capita
1128 1712 1272 1795 potuisse
1296 1735 1349 1777 re·

103 1826 200 1903 ferri,
231 1826 374 1909 quamvis
397 1825 653 1889 committendum
675 1846 740 1887 non
761 1836 863 1900 esset,
892 1834 928 1887 ut
949 1825 1000 1887 vel
1023 1823 1126 1888 dedita
1149 1818 1266 1907 opera,
1297 1827 1350 1890 vel
1420 1894 1424 1899 ,

104 1938 217 2021 supina
237 1939 310 2015 illa,
341 1960 403 2022 qua
426 1959 518 2023 nemo
540 1937 737 2020 frequentius
760 1936 944 2021 Muratorio
966 1940 1129 2021 peccavit,
1154 1939 1350 2024 negligentia

50 2027 53 2032 ⁴
104 2051 153 2114 bis
178 2064 269 2115 terve
294 2063 506 2132 repeteretur.
559 2051 708 2113 Attamen
730 2050 804 2113 huic
825 2070 889 2113 non
912 2050 976 2113 levi
997 2052 1122 2135 quidem
1145 2051 1348 2116 incommodo

105 2187 200 2248 quum
222 2164 358 2227 indicum
381 2185 442 2246 opc
465 2165 583 2227 mederi
605 2176 736 2228 conatus
757 2184 845 2237 sum,
880 2173 947 2224 tum
968 2162 1102 2225 subinde
1122 2164 1275 2228 lectorem
1305 2184 1346 2228 eo
1408 2154 1411 2159 ’

105 2278 285 2353 amandavi,
317 2276 381 2340 alia
410 2276 464 2339 ubi
492 2276 649 2341 inveniret
677 2297 763 2353 rem,
795 2278 833 2339 de
860 2297 923 2358 qua
953 2297 1047 2358 quum
1078 2276 1212 2340 maxime
1240 2298 1347 2343 sermo

106 2401 208 2464 esset,
240 2390 447 2453 illustratura.

190 2502 314 2564 Verum
336 2501 368 2564 id
388 2501 420 2563 in
442 2501 552 2583 primis
575 2506 776 2585 spectandum
799 2515 886 2579 erat,
910 2516 946 2567 ut
968 2526 1009 2568 ex
1030 2505 1192 2569 titulorum
1212 2507 1351 2587 quadra·

105 2615 193 2701 ginta
219 2615 350 2678 circiter
379 2612 517 2677 millibus
547 2637 565 2678 a
592 2636 641 2679 me
663 2615 831 2697 perlectis,
867 2617 1081 2702 unisquisque
1104 2638 1234 2693 corum,
1266 2637 1350 2700 quos

104 2728 307 2812 selegissem‚
341 2740 406 2790 tum
435 2728 535 2810 ipsius
564 2740 636 2791 ante
660 2728 763 2793 omnia
792 2724 969 2815 argumenti
996 2709 1171 2814 gravitate,
1209 2740 1275 2793 tum
1303 2727 1350 2807 (id

105 2842 193 2924 quod
206 2839 388 2921 proximum
403 2842 484 2917 crat)
506 2842 730 2904 sententiarum
751 2840 969 2925 sermonisque
986 2841 1159 2925 elegantia,
1182 2852 1269 2917 tum,
1292 2840 1351 2904 ubi

105 2973 224 3034 operae
242 2951 377 3033 pretium
393 2965 488 3028 esset,
512 2952 686 3016 rusticitate
708 2974 837 3039 qnoque
860 2975 928 3028 sua,
952 2952 1087 3016 Latinae
1107 2953 1234 3039 linguae
1252 2948 1350 3018 vicis·
1401 3028 1410 3039 ⁸

105 3064 254 3127 situdines
269 3064 456 3147 letalemque
471 3054 771 3129 tandem'interitum
789 3070 1034 3141 demonstrante,
1051 3065 1244 3129 studioso-se
1259 3044 1366 3129 eom-³

104 3179 278 3241 mendaret.
316 3177 408 3258 Quae
423 3198 497 3241 sane
513 3178 680 3241 arbitraria
695 3178 780 3243 haurd
794 3199 870 3242 raro
886 3188 955 3241 erat
970 3177 1079 3260 optio;
1102 3177 1255 3262 siquidem
1270 3178 1349 3242 alius

106 3290 268 3351 reiecisset
284 3310 450 3372 persaepe,
474 3289 551 3352 mihi
568 3312 649 3373 quae
668 3291 905 3354 transcribenda
923 3292 1128 3366 videbantur3
1150 3291 1246 3356 immo
1263 3290 1347 3374 ipse,
1437 3273 1440 3279 ’

105 3400 205 3463 libere
228 3402 341 3476 dicam,
365 3413 518 3486 quattuor
535 3423 595 3485 per
613 3424 712 3467 annos
735 3405 798 3466 hoc
819 3403 849 3464 in
872 3403 1003 3488 negotio
1022 3414 1170 3467 versatus
1189 3405 1250 3468 alio
1268 3415 1350 3467 tem-

103 3535 186 3596 pore
210 3513 277 3576 aliis
300 3514 379 3579 alios
399 3516 537 3579 fortasse
558 3516 777 3597 praetulissem
801 3513 926 3584 titulos:
951 3515 1083 3594 (infinita
1107 3526 1156 3578 est
1177 3492 1260 3578 enirir
1281 3516 1348 3594 res)

104 3647 163 3690 nec
183 3639 287 3690 tamen
308 3626 339 3690 in
361 3628 450 3691 nimis
472 3628 577 3690 multis
599 3627 734 3691 abissem
754 3651 771 3691 a
793 3627 951 3711 praesenti
966 3648 1037 3692 meo
1052 3604 1182 3692 iudicio.
1221 3625 1348 3690 Etenim

105 3740 260 3802 affirmare
284 3741 398 3814 ausim,
429 3742 601 3824 quemlibet
621 3743 685 3805 hnc
707 3742 897 3806 collocatum
919 3752 1026 3805 certas
1047 3753 1184 3823 propter
1203 3740 1348 3804 rationes

103 3875 193 3916 suum
216 3854 321 3917 locum
344 3853 441 3930 tueri,
472 3875 575 3938 neque
596 3853 755 3939 ingratum
775 3855 848 3918 fore
870 3854 997 3919 lectori.

188 3966 260 4030 Erit
276 3987 368 4042 sane,
391 3965 446 4029 ubi
466 3966 568 4030 minus
590 3967 684 4049 periti
705 3984 855 4032 censores
876 3969 1177 4044 stomachabuntur,
1200 3990 1295 4031 unum
1316 3978 1349 4032 et

103 4079 236 4142 alterum
258 4101 381 4153 saxum,
406 4078 549 4142 mirabile
570 4080 631 4143 sibi
652 4079 768 4157 visum
791 4081 1049 4163 praetermissum
1071 4101 1159 4157 esse,
1182 4081 1290 4167 idque,
1312 4093 1348 4144 ut

103 4192 151 4267 lit,
171 4192 351 4256 fastidiosae
368 4194 489 4256 cuidam
504 4188 716 4278 negligentiae
731 4192 868 4258 fortasse
883 4193 1034 4258 tribuent.
1080 4196 1143 4257 Sed
1158 4216 1346 4280 quamquam

102 4304 249 4368 facillime
272 4304 415 4369 accidere
436 4313 645 4386 poterat,'ut
667 4306 697 4370 in
719 4318 787 4387 tam
804 4306 954 4370 immensa
974 4290 1217 4390 inscriptionum
1240 4306 1346 4371 multi·

46 4502 49 4507 .
101 4418 221 4493 tudine,
245 4418 352 4499 plnres
374 4418 486 4502 dignae
507 4419 628 4503 utique,
653 4440 735 4506 quae
757 4422 818 4483 huc
838 4419 1066 4496 insererentur,
1090 4440 1159 4482 sese
1179 4418 1253 4483 milii
1271 4421 1347 4482 sub-

104 4532 270 4606 ducerent,
294 4532 442 4595 consulto
463 4543 566 4595 tamen
587 4534 769 4619 plerasque,
793 4555 872 4618 quas
894 4531 1103 4596 desideratum
1121 4530 1162 4595 iri
1179 4552 1243 4616 ego
1262 4553 1347 4617 quo-
