2926 5040
572 113 841 174 nntcnnnmcn
861 112 928 170 vtt.
1315 114 1369 177 ⁵57

124 247 187 299 bris
216 255 341 314 veteres,
386 265 456 319 qnae
486 249 517 299 in
548 247 656 300 schedis
687 250 855 299 recentiores
891 244 972 297 nobis
1005 248 1195 298 servaverint.
1240 245 1367 298 Recitate

125 357 223 412 queste
255 358 302 394 sue
337 340 431 415 parole
465 345 510 394 toi
547 341 725 418 soggiungete
737 360 744 402 ;
787 340 932 390 consilinm
966 337 1016 389 iroc
1051 343 1161 388 tnntron
1192 336 1298 406 abest,
1335 345 1367 388 nt

123 435 271 500 damnem,
304 435 389 487 londo
412 440 528 507 potins.¹
561 436 625 488 Non
651 433 753 488 doveto
770 431 878 503 dunque
899 428 1025 495 credere,
1057 430 1109 483 che
1132 433 1176 482 ttoi
1203 444 1364 503 approraste

87 544 92 551 ·
125 527 167 578 tsi
198 544 248 581 suo
280 529 402 609 pareret
438 528 515 580 Dore
546 527 582 580 ho
615 532 643 580 io
673 526 749 582 detto
781 526 832 578 che
864 529 910 578 voi
942 523 1063 577 crediate
1096 521 1167 575 niitit
1195 523 1364 575 discriminis

123 620 305 672 siaitoendttm
345 624 422 672 inter.
459 634 513 675 cet.
554 627 583 670 ei
618 639 687 691 qnae
723 638 761 671 ex
796 607 917 670 nliorutn
956 614 1064 668 schedis
1095 616 1248 688 flagitiose
1280 634 1362 688 saepe

122 718 269 784 corruptis,
291 717 365 768 ceti
391 713 455 768 Non
477 712 514 765 ho
536 716 592 765 mai
612 712 781 785 pensato.tal
801 710 874 765 cosi.
905 712 944 762 La
960 715 1015 762 mia
1034 707 1142 782 disputa
1160 710 1205 762 eol
1224 704 1361 763 Muratoti

123 822 191 872 era,
212 809 297 860 essia
318 806 415 860 inutile
436 805 457 859 il
478 800 572 858 uerear
591 804 618 858 di
638 804 733 878 redere
752 805 777 857 ie
796 820 881 857 steste
901 807 1003 876 pistre,
1022 819 1039 854 o
1059 818 1088 854 se
1108 806 1148 854 sia
1164 802 1183 853 1'
1203 807 1301 856 istesso
1317 818 1363 855 ta-

122 897 190 950 terti
208 895 278 952 delle
297 897 418 951 raccolte
441 898 522 952 Mss.
543 915 560 950 o
583 897 611 950 di
634 879 722 969 copie.
767 895 842 949 Vedo
869 911 932 961 ora,
963 893 1014 947 ohe
1040 898 1085 947 voi
1106 909 1214 946 arctate
1237 894 1309 948 altro
1332 900 1362 948 in

121 1004 234 1052 ruente,
265 988 408 1041 scrivendo
426 987 515 1058 quelle
536 987 643 1061 parole,
675 1004 719 1040 ma
735 1005 792 1039 non
807 1001 906 1057 potero
923 983 1065 1056 pensatlo,
1090 1000 1180 1034 enon
1199 1001 1231 1034 so
1249 1000 1360 1037 cumea

122 1080 171 1129 cio
185 1082 212 1136 si
223 1075 345 1131 'riferisca
358 1079 483 1150 Eunapio
496 1096 511 1131 e
526 1080 684 1145 Proeresio,
704 1074 746 1130 de'
760 1077 840 1149 quali,
851 1081 887 1129 itti
901 1077 1039 1129 Muratori
1054 1093 1107 1127 nou
1123 1076 1198 1148 pario
1216 1095 1241 1145 p.
1256 1081 1318 1133 115„
1334 1080 1360 1130 9.

122 1173 238 1239 Quanto
263 1169 290 1223 ttl
312 1168 361 1223 dar
385 1175 413 1223 io
434 1174 576 1224 iscrizioni
601 1187 678 1245 prese
701 1169 736 1222 da
756 1171 825 1236 Mes.
845 1186 902 1222 nott
921 1173 1010 1242 potrei
1030 1165 1116 1234 farlo,
1146 1168 1246 1241 perciti
1262 1184 1319 1221 non
1334 1167 1360 1222 le

123 1263 166 1317 ito
186 1267 241 1328 mni
262 1261 410 1337 ricopiatsr
430 1279 487 1317 non
503 1263 530 1315 ie
549 1261 640 1329 darei,
659 1261 759 1336 perciti
779 1278 836 1337 nou
855 1266 882 1313 ci
902 1261 937 1313 ho
958 1257 1028 1315 istie.

198 1355 275 1409 Dore
291 1337 354 1408 dico
373 1375 401 1430 p.
416 1361 479 1414 159.
500 1363 560 1408 tarn
577 1373 697 1424 magmas
713 1372 842 1407 manierias
860 1354 1178 1426 nontlttmoppnrnernt,
1205 1352 1220 1407 d
1244 1371 1359 1429 spropo-

121 1452 231 1515 sito,e
251 1448 345 1503 beuti
366 1465 496 1523 corregge
515 1446 549 1502 da
566 1451 621 1502 voi.

102 1527 105 1532 ⁴
199 1543 262 1596 Non
283 1541 319 1594 ho
339 1557 431 1615 tempo
447 1540 476 1594 di
492 1545 619 1613 ragionar
635 1555 651 1591 a
669 1539 753 1612 lungo
772 1556 826 1592 con
845 1544 899 1606 voi,
922 1555 1001 1592 corne
1020 1537 1155 1594 desidero.
1182 1539 1263 1593 Delia
1281 1538 1358 1593 dotta

122 1649 217 1686 rostra
235 1650 319 1707 opera
340 1651 421 1708 sopra
441 1633 461 1688 il
479 1635 587 1688 Dittico
605 1633 632 1686 di
652 1635 764 1686 Brescia
785 1633 828 1705 gii
848 1637 874 1686 vi
897 1638 990 1686 scrissi
1013 1633 1039 1684 le
1057 1631 1157 1686 dorute
1179 1631 1246 1687 lodi.
1285 1633 1358 1687 con:

120 1727 316 1783 retransmitti
341 1743 432 1781 vostra
456 1732 557 1801 gratia.
596 1728 639 1782 Mi
659 1726 783 1779 convien'
804 1742 851 1778 ora
872 1742 969 1799 pensae
995 1740 1010 1777 a
1035 1726 1099 1778 tutt’
1118 1725 1188 1778 altro
1209 1728 1260 1780 ohe
1279 1730 1357 1780 iscri-

120 1824 215 1890 zioni,
236 1835 280 1874 ma
296 1822 417 1875 ricevero
436 1838 544 1894 sempre
563 1837 618 1874 con
636 1835 704 1894 gran
721 1823 831 1893 piacere
850 1818 876 1872 le
894 1835 983 1874 vostre
1003 1823 1198 1872 osservariooi.

922 1913 1022 1965 vostro
1042 1912 1096 1964 div.
1116 1910 1192 1966 obbl.
1211 1929 1281 1967 serr.

896 2001 1049 2077 Scir}
1082 2002 1335 2097 Murrus,

697 2282 775 2340 vll.

192 2412 236 2468 ed
255 2412 300 2467 illa
318 2414 371 2467 cot
385 2413 533 2465 Mnrntori
547 2419 706 2465 contrastni
722 2413 774 2482 giis
792 2418 834 2466 sic
850 2411 995 2485 respondet
1013 2410 1241 2483 Hagenbuohius:

193 2505 375 2562 Praefationit
395 2507 470 2561 'l'uae
487 2511 598 2580 paginas
615 2508 693 2560 vni.
717 2507 763 2561 fin.
783 2522 810 2560 et
826 2507 918 2559 vitii.
938 2510 1001 2560 init.
1023 2509 1069 2577 qui
1090 2504 1172 2578 legit,
1206 2505 1239 2558 de
1258 2503 1355 2558 verbo·

92 2582 180 2652 'rum
197 2601 448 2654 Muratorianorum
465 2599 604 2653 laudatore
621 2599 1023 2671 (Hagenbuchio)mitius'1'e,
1042 2614 1123 2670 quam
1143 2595 1177 2651 de
1198 2599 1353 2651 Muratorio

115 2697 336 2766 ipsosensime,
363 2710 420 2746 non
445 2694 562 2766 putabit.
607 2695 698 2761 Quam
722 2692 835 2756 vellent,
865 2692 925 2745 Tua
947 2691 994 2744 illa
1018 2691 1055 2742 ob
1077 2692 1135 2742 otio
1157 2695 1242 2742 etiam
1265 2710 1364 2763 nuper.

114 2786 209 2857 Epist.
228 2786 328 2859 Epigr.
350 2805 381 2858 p.
402 2790 447 2845 8¹4.
466 2786 584 2837 mndata
607 2804 641 2839 ex
661 2783 832 2858 praefatione
855 2786 908 2839 hac
925 2785 1094 2847 exulassent;
1121 2787 1167 2855 qui
1190 2800 1263 2837 certe
1287 2780 1353 2859 pan-

113 2897 168 2933 nus
197 2897 332 2952 purpurae
355 2880 431 2932 Tuae
456 2883 540 2931 intexi
566 2897 623 2933 non
651 2878 777 2934 debebat.
822 2880 914 2932 Meam
937 2883 1013 2931 enirn
1032 2879 1179 2932 Muratorii
1207 2878 1351 2932 verborum

83 2953 87 2964 ἶ
113 2970 304 3026 laudationem
323 2977 352 3026 in
368 2973 566 3026 alienissimum
584 2973 624 3025 Te
646 2990 756 3026 sensum
779 2977 917 3046 rapuisse,
945 2976 1009 3045 quia
1028 2970 1263 3044 exsuperioribus
1283 2975 1351 3024 meis

112 3065 204 3119 literis
225 3056 437 3118 meis-nondum
457 3067 615 3131 pervidisti,
641 3066 750 3138 planius
773 3070 855 3119 etiam
870 3063 984 3117 docebo.
1031 3064 1127 3129 Vedo,
1160 3068 1267 3135 inquis,
1299 3083 1352 3117 ora

110 3159 163 3214 cite
181 3165 231 3212 voi
255 3188 286 3200 -
306 3159 392 3230 pario
412 3177 438 3232 p.
457 3163 528 3226 115,
545 3164 572 3213 2.
610 3160 766 3225 Potuisses,
796 3164 882 3211 immo
902 3156 1041 3211 debuisses
1061 3174 1119 3210 rem
1143 3157 1214 3210 hano
1238 3175 1349 3211 omnem
1375 3192 1381 3201 ι

112 3266 173 3306 tam
195 3246 288 3305 anitrto
310 3267 440 3319 cernere,
467 3267 549 3322 quant
575 3267 643 3324 quae
668 3252 754 3305 oculis
775 3266 935 3305 cernuntur.
972 3251 1013 3303 De
1029 3266 1145 3322 quanam
1169 3254 1350 3324 inscriptione

111 3345 285 3399 Muratorius
305 3364 331 3419 p.
352 3350 420 3409 115,
440 3352 466 3402 2.
483 3345 624 3416 loquitur?
662 3346 705 3398 Au
726 3337 765 3398 vde
789 3343 905 3398 videnda
931 3342 1020 3397 adhuc
1043 3348 1074 3397 in
1097 3342 1204 3416 tripode
1223 3347 1350 3417 vetusto?

111 3440 157 3492 Au
176 3436 210 3491 de
229 3454 389 3493 conservata
411 3443 440 3492 in
459 3436 567 3492 schedis
586 3438 804 3493 recentioribus?
839 3438 974 3492 Neutrum
989 3436 1078 3490 dices:
1097 3434 1144 3489 sed
1158 3435 1190 3489 de
1201 3454 1247 3503 ea,
1266 3453 1350 3510 quam

111 3529 269 3586 Herodotus
293 3533 323 3585 t..
344 3535 370 3590 5.
396 3532 429 3586 C.
449 3535 492 3590 59.
514 3537 663 3585 memoriae
686 3536 802 3604 posteris
828 3529 959 3605 prodidit.
997 3531 1056 3584 Hac
1081 3533 1230 3583 occasione
1247 3537 1348 3585 merito

110 3641 178 3677 usus
202 3629 373 3680 Muratorius
396 3624 541 3678 consilium
568 3643 664 3691 suum,
694 3629 905 3700 inscriptiones,
934 3640 999 3696 quas
1021 3621 1147 3676 inlibris
1168 3628 1224 3677 suis
1244 3641 1348 3679 veteres

109 3715 193 3771 nobis
212 3723 365 3773 s'ertatsent
390 3720 530 3773 Thesauro
550 3736 600 3773 suo
620 3714 773 3785 inserendi,
801 3719 845 3771 his
865 3718 954 3771 uerbis
974 3722 1100 3790 exponit:
1134 3717 1349 3771 Vetustissimos

77 3824 82 3833 “
108 3818 233 3864 omnium
247 3821 318 3884 puio
334 3813 536 3884 inscriptiones
554 3818 584 3863 in
600 3817 692 3864 sacris
710 3813 835 3864 donariis
852 3816 978 3883 positas,
1009 3810 1111 3882 hosque
1130 3817 1248 3862 ntttnmis
1266 3817 1347 3863 onti-

106 3909 216 3976 qtsitnte
229 3915 388 3977 praestare.
426 3906 551 3957 Jstnrtsm
578 3911 714 3977 specimen
729 3925 775 3974 ,ex
799 3911 920 3976 nntiqttis
944 3905 1129 3976 scriptoribus
1157 3903 1208 3956 irtsc
1237 3904 1348 3977 inferre

106 3997 230 4052 decrevi.
267 3999 382 4052 Nullum
402 4005 476 4052 enim
494 3999 642 4050 discrimen
663 4007 758 4057 statuo
777 4004 852 4049 inter
866 4003 1072 4069 epigrammata
1089 3997 1178 4048 edisne
1196 4003 1225 4050 in
1241 3999 1347 4071 lapidi-

106 4090 160 4142 ins
176 4098 297 4144 vetustis
317 4099 498 4159 exsistentia,
531 4101 559 4145 et
582 4111 650 4162 qttoe
668 4098 699 4144 in
721 4097 779 4144 stsis
797 4092 877 4146 libris
897 4101 1022 4158 veteres,
1055 4100 1104 4143 ont
1122 4098 1152 4143 in
1170 4091 1277 4144 schedis
1296 4111 1347 4143 re-

104 4190 245 4237 centiores
273 4186 353 4238 nobis
378 4204 538 4239 servavere.
585 4187 627 4239 De
652 4186 708 4239 hoc
730 4185 849 4239 consilio
870 4203 920 4239 suo
936 4188 1106 4244 Muratorius
1130 4203 1185 4238 non
1212 4185 1293 4238 modo
1318 4190 1347 4239 in

104 4275 283 4353 praefatione
299 4278 392 4345 siluit,
420 4277 467 4332 sed
490 4298 538 4352 per
560 4295 649 4333 totum
675 4280 844 4333 Thesaurum
864 4297 944 4333 suum
968 4295 1080 4352 usquam
1101 4278 1166 4331 alibi
1187 4296 1249 4331 eum
1269 4279 1349 4350 quid-

101 4386 191 4443 quam
216 4389 274 4425 non
295 4377 408 4426 memini
427 4390 548 4426 monere.
592 4373 718 4446 Scriptor
736 4370 923 4446 Epistularum
949 4373 1186 4447 epigraphioarum
1207 4373 1261 4425 hoc
1284 4374 1349 4427 ntu-

104 4470 206 4550 ratorii
226 4465 374 4521 eonsilium
393 4485 421 4543 p.
443 4469 489 4528 ii.
504 4465 678 4534 laudaturus,
698 4464 732 4519 de
748 4481 865 4539 quanam
884 4470 940 4539 agit
960 4467 1160 4539 inscriptione?
1201 4467 1296 4537 Neque
1314 4466 1347 4518 de
