2926 5040
493 158 506 187 Ο

104 287 278 335 nucarum.
297 302 365 334 coms
383 288 403 333 si
422 288 490 348 legge
508 287 546 333 ael
564 301 608 333 suo
626 289 743 344 epitaffio.
779 288 871 333 Scrisse
891 286 964 332 anche
976 299 1022 331 uns
1034 285 1119 332 Storia
1134 285 1200 330 delta
1215 285 1265 330 nito
1280 301 1292 328 o
1308 281 1349 329 dei

104 378 227 439 muusggi
244 378 335 421 secreti
350 375 414 422 delle
432 376 512 437 magii
529 375 566 421 de'
584 374 644 421 XII.
664 373 769 432 Gesore'5
787 389 860 433 opera
871 390 918 420 noa
931 389 1021 419 ancora
1032 364 1180 430 pubblicatn,
1201 375 1269 419 eche
1281 374 1347 418 forse

105 469 146 511 nol
159 463 215 512 sard
227 466 284 511 mai.
321 466 348 509 lo
361 465 487 522 t'hoegun,
501 479 515 532 a
528 479 575 509 non
587 465 608 509 oi
622 465 652 509 bo
665 469 758 509 trovato
770 461 798 508 ui
810 465 884 508 anolta
896 464 995 519 critica,
1014 459 1042 508 ai
1055 464 1173 508 lenocinio
1187 464 1210 507 di
1223 463 1304 507 stile.”

175 544 341 618 Gonrztvs
360 569 506 645 (Hubertus)
529 572 580 616 Hoc
604 572 698 630 quidem
715 572 739 616 ia
757 584 846 631 genere
866 576 1106 626 rurounemoratar,
1138 570 1182 615 etsi
1204 584 1218 613 a
1240 541 1349 614 Grutero

104 661 220 733 intereos
235 661 349 714 refertur,
369 662 408 719 qui
417 661 513 716 seriptis
522 660 623 717 publicis
640 660 662 705 ei
678 659 827 718 proluerint:
847 660 900 716 plus
915 673 972 704 sune
988 660 1044 704 lusit
1058 659 1081 703 in
1097 658 1199 704 amomis
1213 657 1276 702 domi
1289 668 1348 702 suas

104 749 191 794 dandis
207 751 330 795 feriandis.

101 852 110 873 ¹
178 856 296 902 contus
314 854 445 911 (Antonius
462 853 625 910 Franciecus)
644 854 778 900 Notandum
793 860 838 908 est,
858 852 963 900 Gariarn
979 855 1060 898 necin
1075 850 1191 897 Doninno
1206 866 1288 908 opere,
1304 865 1349 896 nee

104 945 132 988 in
155 944 283 1001 Inscripti.
300 942 420 1005 ¹Etrurine
434 958 504 988 usum
519 958 572 989 esse
592 942 695 989 Grateri
713 944 816 988 editione
837 944 927 995 altera,
957 944 1017 986 unde
1041 942 1121 997 plures
1148 955 1245 985 errores
1269 942 1293 985 in
1319 953 1348 985 ea

104 1037 282 1077 correctosex
306 1033 387 1087 priore
410 1034 514 1089 repetiit.
559 1034 690 1090 Aliquando
714 1036 738 1076 et
762 1033 839 1088 ipsum
858 1030 994 1076 statuariis
1013 1031 1135 1086 deceptum
1154 1043 1206 1074 esse
1229 1008 1361 1076 contendit

90 1118 226 1182 'Hoffeius
245 1122 268 1165 ia
286 1121 387 1176 epistola
402 1117 504 1175 inedita,
523 1135 595 1178 quain
610 1120 718 1165 dabimus
733 1123 756 1165 in
775 1120 908 1176 appendice
923 1119 956 1163 ll.

176 1226 336 1279 Gunuvtvs
355 1227 401 1284 (lo.
421 1225 558 1287 Georgius)
577 1229 604 1272 ln
622 1227 864 1272 commentariisrsuis
881 1227 905 1270 ia
920 1230 1014 1271 ueteres
1032 1225 1163 1280 scriptores
1179 1228 1202 1269 et
1217 1225 1240 1268 in
1256 1224 1348 1279 praela·
1373 1235 1378 1243 ·

104 1315 211 1360 tionibus
234 1317 263 1359 ad
288 1312 365 1360 Thes.
390 1314 487 1375 Antiqq.
513 1313 581 1360 Rom.
602 1329 671 1372 saepe
693 1313 818 1361 Gudiaais
835 1314 900 1359 sanis
918 1315 993 1358 utitur
1011 1313 1136 1359 rnaailesto
1157 1313 1260 1369 spuriis,
1289 1326 1349 1372 quae

106 1409 188 1459 utpote
207 1404 294 1447 inedita
313 1404 405 1462 sibique
424 1404 463 1448 uni
482 1406 609 1449 commissa
626 1405 699 1449 nimia
716 1405 814 1449 caritate
833 1403 1019 1460 amplexabatur.

177 1509 348 1556 GRVTERVS
367 1510 463 1566 (lanus)
479 1511 506 1556 ln
528 1512 596 1556 buius
615 1512 739 1556 Thesauro
761 1510 893 1568 ubicunqne
913 1510 987 1566 probe
1008 1509 1175 1554 attendendam
1193 1514 1230 1553 est
1252 1511 1348 1553 nostrae

106 1594 244 1655 discipliuae
260 1601 383 1671 studiosa,
407 1613 452 1658 qua
470 1600 568 1658 quisque
585 1600 646 1655 lapis
661 1600 801 1644 auctoritate
816 1600 849 1643 sit
862 1600 981 1658 munitus;
1000 1612 1055 1642 nam
1070 1586 1165 1654 praeter
1184 1610 1225 1652 ea,
1246 1609 1304 1655 quae
1320 1608 1349 1639 en

105 1687 264 1744 scriptoribus
288 1691 405 1744 suspectis
424 1689 446 1732 ia
469 1688 513 1733 boc
532 1695 614 1733 nostro
635 1690 710 1733 indice
733 1688 820 1732 nautis
837 1688 983 1740 afferuntur,
1014 1687 1061 1731 alin
1078 1700 1170 1744 quoque
1189 1685 1272 1730 dubiae
1294 1681 1347 1728 fidei

105 1775 192 1830 babet,
212 1777 277 1820 nulla
292 1776 386 1834 quidem
405 1791 448 1821 sua
468 1783 491 1823 et
507 1776 635 1836 scaligeri
652 1779 734 1832 culpa,
754 1777 801 1820 nisi
819 1776 882 1834 quod
900 1774 985 1828 ambo,
1010 1770 1129 1819 lauslnbiliv
1140 1788 1197 1818 sane
1216 1774 1293 1818 studio
1313 1771 1348 1847 in.-

104 1865 187 1919 censi,
216 1864 311 1918 omnia,
339 1866 359 1908 si
374 1863 428 1909 lieri
443 1871 543 1921 pqsset,
567 1866 752 1920 complectendi,
781 1866 850 1908 nimis
875 1869 942 1908 eraut
960 1863 1055 1923 benigni
1075 1868 1098 1908 et
1116 1863 1197 1907 faciles
1216 1863 1239 1906 in
1258 1861 1368 1929 amicos·

105 1958 216 2008 suspecta
232 1953 303 1997 etiam
322 1954 383 1996 doun
398 1954 541 2010 offerentes;
561 1957 589 1998 de
603 1968 648 2012 qua
661 1951 765 1998 Gruterr'
778 1953 909 2006 timiditate,
924 1967 953 1997 ne
966 1952 1042 1995 dicam
1055 1953 1206 2004 credulitate,
1222 1949 1348 2008 aliquoties

105 2042 215 2100 queritur·
232 2038 437 2101 Hagenbncbius.
474 2043 565 2096 „Tanta
586 2048 622 2086 est
638 2043 776 2101 sangnitudo
794 2042 936 2086 meritorum
954 2037 1058 2085 Gruteri
1076 2046 1099 2083 et
1116 2039 1258 2100 scaligeri,
1285 2038 1348 2081 uiro·
1369 2044 1391 2064 ι*

105 2146 160 2178 ιιιιιι
173 2147 320 2178 summorum
333 2139 357 2183 et
368 2123 604 2210 κριτικξιιτάτων,
624 2142 650 2181 ιιι
662 2150 744 2182 omnes
758 2140 863 2182 omnium
878 2138 970 2198 gratiae
986 2137 1015 2181 ab
1031 2138 1141 2180 onuaibus
1158 2136 1192 2180 eis
1208 2134 1347 2180 debeantur.

105 2222 173 2267 Haud
188 2235 245 2271 raro
261 2228 339 2267 autem
355 2224 440 2268 accidit
455 2224 591 2269 horninibus
606 2225 671 2270 bisce
688 2227 790 2285 maguis,
811 2226 944 2271 bominibus
960 2231 1047 2279 tamen,
1067 2229 1091 2269 ιιι
1106 2225 1252 2272 blandientes
1265 2236 1348 2266 eorum
1432 2282 1436 2288 .

104 2311 257 2356 coniecturae
274 2315 297 2355 et
312 2312 459 2366 suspiciones
474 2314 531 2379 ipsis
547 2313 716 2368 imposuerint:
740 2328 813 2371 quare
828 2315 922 2370 saepius
938 2314 1057 2370 optabam,
1081 2314 1175 2371 utquid
1191 2312 1347 2363 inuenissent,
1423 2306 1426 2310 ’

104 2398 176 2457 inque
194 2401 259 2458 quid,
280 2401 341 2457 qaod
360 2402 511 2454 iuxenerant,
540 2406 686 2455 mutassent,
712 2407 792 2446 curate
811 2407 969 2457 exponerent,
998 2415 1044 2460 quo
1062 2403 1163 2451 lectores
1179 2401 1282 2445 iudicare
1302 2399 1347 2455 ipsi

105 2491 214 2543 possent.
251 2489 312 2542 Sed,
333 2490 395 2546 qaod
411 2490 498 2533 nollem
513 2489 615 2544 factum,
636 2492 754 2534 interdum
772 2490 887 2544 reticent,
910 2503 939 2534 ea
958 2504 1018 2549 qno,
1039 2492 1101 2547 qaod
1119 2491 1219 2543 dedere,
1242 2489 1302 2544 ipsis
1316 2487 1357 2531 sit.
1411 2533 1418 2554 ἱ

106 2580 200 2621 netum:
220 2576 243 2620 in
263 2577 346 2632 primis
362 2574 487 2622 Gruterus
502 2579 648 2634 praeclarius
663 2580 735 2623 etiam
750 2578 833 2624 luisset
850 2579 950 2623 meritas
964 2580 992 2623 de
1009 2579 1086 2623 literis
1104 2579 1169 2622 bisce
1188 2577 1306 2634 antiquis,
1326 2577 1346 2620 si

106 2669 199 2709 retento
215 2670 270 2720 typo
286 2665 377 2719 primo,
398 2679 452 2710 cum
471 2680 499 2710 eo
516 2672 583 2722 typos
601 2667 719 2719 aliorum,
742 2667 766 2711 iu
783 2681 841 2725 quos
857 2657 1084 2723 postea'inciderat,
1104 2668 1138 2711 ita
1152 2665 1300 2719 contulisset,
1323 2660 1349 2708 nt

104 2743 325 2824 διττογραᾳιίτς
338 2758 402 2812 ipsas
417 2762 526 2802 enataret
541 2758 628 2814 potius,
647 2772 716 2814 uquam
731 2759 832 2803 inductis
848 2763 957 2814 luporum
969 2758 1233 2815 primorumexemptis,
1253 2767 1346 2798 eorum·

106 2858 151 2904 que
166 2846 220 2890 loco
235 2845 314 2890 allatis
329 2846 392 2900 aliis,
413 2860 456 2890 nos
472 2847 576 2891 incertos
592 2847 735 2904 ignarosque
751 2848 889 2900 dimitteret,
909 2848 964 2904 quid
980 2847 1036 2892 alibi
1052 2824 1158 2906 legisset,
1175 2848 1344 2900 rnutnssotque.

105 2934 184 2992 Quum
202 2930 338 2978 Gruterum
353 2933 488 2978 conferrem
503 2947 558 3002 curn
573 2935 725 2989 auctoribus,
746 2935 874 2992 exquibus
890 2934 1017 2988 hauserat,
1035 2935 1153 2990 inprimis
1170 2947 1223 2976 cam
1237 2929 1344 2989 spano,

103 3035 177 3079 saepe
192 3035 245 3068 sam
260 3024 390 3066 admiratus
406 3024 543 3068 felicitatem
560 3025 609 3069 siue
628 3021 746 3077 Gruters',
774 3025 824 3068 sire
842 3021 970 3082 scaligeri
988 3023 1065 3068 divine
1084 3023 1259 3076 restituentiqm
1276 3033 1346 3063 veras

105 3110 221 3157 lectiones
236 3123 265 3155 ex
280 3112 364 3154 malis:
395 3116 546 3167 quantaruen
561 3111 651 3165 malas,
676 3113 795 3168 quianon
814 3113 974 3164 autumant,
1000 3111 1112 3155 indicium
1131 3123 1213 3154 eorum
1232 3107 1346 3153 adrnirnrl

104 3203 281 3254 anapaestum,
307 3199 352 3243 nisi
368 3201 407 3257 qui
422 3205 532 3244 auctores
551 3200 630 3255 ipsos,
657 3213 757 3258 quoram
771 3205 839 3257 typos
854 3206 1024 3257 parmarum,
1050 3202 1174 3253 evolvunt,
1197 3199 1346 3257 quodquam

103 3289 240 3346 pancissimi
263 3288 367 3333 iaciant2
396 3289 433 3331 ael
456 3286 517 3342 duo,
546 3289 685 3333 seluemo:
710 3293 780 3346 turpe
799 3295 823 3332 st
839 3288 1000 3333 miserabile!
1035 3288 1115 3333 inueni
1133 3301 1191 3333 aero
1209 3287 1345 3338 collatione,

104 3390 176 3436 quam
191 3377 254 3430 uixi,
280 3376 404 3430 instituta,
433 3376 472 3420 ubi
488 3377 584 3420 amitino
601 3378 662 3421 scira
678 3379 791 3430 interest,
814 3377 870 3434 quid
891 3378 931 3421 alii
950 3366 1002 3420 acite
1022 3375 1158 3421 Gruterum
1176 3376 1296 3428 dederint,
1321 3379 1347 3417 ιιι

103 3466 238 3511 examinata
261 3464 362 3509 lectione
387 3464 532 3508 Gruter-iana
555 3466 621 3508 aliud
643 3467 712 3522 quid,
746 3468 898 3523 quam·quod
920 3464 1044 3510 Gruterus
1065 3466 1141 3517 dedit,
1170 3464 1257 3521 legenti
1280 3462 1345 3507 eaiue

101 3553 188 3611 possit.
226 3553 290 3596 llaec
305 3555 436 3612 generatim
452 3567 549 3597 mouere
566 3554 625 3596 haud
640 3555 742 3598 alienum
758 3555 908 3598 mihiuisum
924 3559 974 3598 cst:
994 3555 1101 3608 exempla
1117 3554 1232 3597 adducere
1249 3563 1344 3606 possum

101 3642 220 3699 plurima,
248 3640 289 3685 s'ed
314 3642 411 3696 paucula
433 3641 470 3685 liic
494 3643 568 3685 citare
589 3656 631 3685 ero
653 3648 785 3686 contentas.
835 3642 905 3687 Grul.
926 3640 990 3697 818,
1018 3640 1058 3685 11.
1087 3642 1180 3684 nonnisi
1200 3653 1228 3683 ex
1249 3637 1346 3696 Apidao

103 3744 128 3787 p.
147 3726 205 3782 103,
224 3728 247 3773 1.
268 3731 307 3772 dat
322 3727 460 3782 Gruterus,
487 3734 566 3773 lacem
584 3735 624 3773 aut
641 3744 676 3785 se,
696 3736 737 3775 aut
753 3730 913 3790 Scaligerum
931 3729 1024 3788 Apiuni
1041 3729 1222 3774 ascalonus
1242 3733 1345 3782 mutasse

93 3819 129 3883 ¹ia
148 3817 178 3862 l).
198 3819 227 3861 F.
249 3817 406 3861 CilLOllVS.
449 3818 492 3862 llic
518 3833 574 3868 vero
601 3819 681 3863 dubito
706 3820 736 3863 ob
760 3820 857 3863 ninnium
882 3822 1003 3864 raritatem
1027 3819 1175 3878 cognominis
1199 3817 1346 3865 cultilius

103 3920 186 3951 reram
204 3907 331 3951 lectionem
347 3919 398 3950 sese
414 3907 507 3950 dedisse
523 3909 620 3951 mutanti
637 3923 664 3952 ct
683 3909 794 3967 ingeni03
810 3909 874 3966 ,quid
893 3922 937 3964 pro
955 3908 1137 3953 unctionis
1154 3906 1226 3951 iuuerit
1243 3909 1265 3951 in
1288 3920 1345 3952 sano
1437 3918 1443 3930 ·

87 3997 172 4052 ipso,
195 4009 241 4038 non
263 3992 381 4038 deliniam.
419 3994 481 4040 Grut
499 3992 563 4049 856,
587 3992 611 4041 3.
649 3996 742 4053 sipiani
760 4002 849 4041 textum
868 3994 967 4052 p.13¹s‚
990 3996 1012 4042 l.
1050 3997 1078 4040 L.
1107 3997 1229 4041 struve.
1258 3995 1287 4037 L.
1316 3994 1345 4048 L,

105 4056 288 4153 uasuuuui
308 4080 465 4127 ursanum
484 4084 503 4128 1.
523 4084 552 4128 a.
573 4085 681 4131 cuano
699 4086 729 4129 n.
749 4090 758 4134 u
781 4088 805 4129 s.
826 4085 854 4129 r.
876 4096 904 4139 ῃ,
925 4096 952 4139 0.
973 4085 1002 4129 ι.
1022 4084 1231 4129 uao‘rnausn
1253 4082 1343 4129 avon

104 4171 136 4216 11.
153 4172 197 4215 SS.
216 4171 247 4215 lli
263 4170 394 4215 rituum:
410 4173 524 4217 Panum
537 4178 545 4220 ll
560 4174 620 4217 llll.·
633 4174 674 4219 ΙΝ.
692 4175 764 4218 nult.
781 4173 883 4218 PEDES
898 4173 955 4218 llll.
976 4173 1008 4217 ita
1024 4174 1076 4227 dat,
1095 4178 1119 4217 ut
1135 4174 1216 4217 literas
1234 4173 1346 4231 quasdam
1378 4163 1384 4175 ⁸

105 4262 173 4305 docte
187 4262 302 4314 emendet,
322 4261 381 4304 alitis
400 4266 449 4305 tres
467 4263 568 4313 omittat,
586 4276 614 4306 en
628 4263 737 4308 versibus
750 4264 852 4320 quinque
867 4262 937 4306 iaciat
955 4267 1059 4316 septem:
1079 4261 1107 4306 L.
1125 4262 1237 4306 uirtus
1247 4265 1256 4310 11
1271 4260 1297 4304 L.
1315 4259 1344 4304 L.

106 4348 273 4396 ursanum.
286 4347 453 4395 assultum.
467 4356 476 4398 ιι
489 4350 517 4394 L.
535 4350 563 4394 L.
581 4351 686 4396 CEllli0
703 4356 712 4398 ll
729 4363 757 4404 a.
773 4363 800 4407 a.
812 4352 841 4395 L.
852 4351 1001 4395 rttO'ram.
1019 4350 1095 4394 LEM.
1112 4350 1177 4395 ιιιὈ
1191 4352 1199 4397 ΙΙ
1217 4351 1245 4393 ll.
1260 4350 1286 4392 S.
1300 4349 1342 4393 Sd

99 4436 138 4510 ¹lii
158 4435 287 4482 ruox'rss
306 4437 428 4482 Pantul.
449 4438 505 4484 tltl.
528 4442 537 4488 ΙΙ
560 4439 601 4484 ΙΝ.
621 4440 692 4484 nttlt.
713 4441 823 4485 PEDES.
844 4441 900 4484 llll.
920 4464 952 4474 -
974 4439 1078 4497 Capuae.
1114 4440 1140 4484 ln
1160 4441 1235 4483 iudico
1249 4432 1291 4481 23.
1311 4437 1344 4481 nil

105 4529 168 4575 sani.
188 4525 240 4571 Noa
252 4527 362 4581 uiderant
373 4528 460 4571 misere
473 4525 579 4573 immixta
592 4537 644 4574 csse
655 4535 676 4575 et
687 4531 793 4582 contusa,
807 4544 866 4588 quae
877 4530 952 4574 uibus
962 4506 1050 4573 airolis
1060 4531 1095 4574 sie
1104 4529 1249 4586 distingne-'re
1260 4539 1343 4572 conor:
