2926 5040
563 210 833 297 urrumnmca
851 166 891 270 11ss
1056 273 1060 279 ,
1141 197 1147 213 ’
1293 216 1350 274 sea

103 355 162 392 ven
184 336 258 392 dette
282 358 332 414 per
355 355 469 396 mettere
494 345 525 395 in
546 340 663 396 ridiculo
683 343 711 396 lo
727 342 820 397 studio
839 342 904 398 dell’
924 341 1070 400 antichitd.
1119 343 1215 400 Auche
1234 341 1348 398 ilbuon

104 432 225 485 Leicisio
244 433 279 486 he
300 439 415 502 scritto,
440 434 492 488 cbe
511 435 581 491 Gor-i
600 426 862 508 &Antiquissimum
879 413 1033 509 ΡνιίιιιρέἸ
1056 437 1077 490 il
1096 438 1148 491 che
1165 436 1201 489 ha
1220 433 1290 491 letto
1309 440 1348 491 ri·

104 524 158 579 der
180 529 259 582 tutti.
298 526 332 580 Se
351 528 365 579 ὲ
385 528 531 600 Principe,
548 529 594 581 chi
611 529 646 581 ha
662 528 726 582 dato
742 527 815 583 lueri
835 534 925 583 inesie
941 528 1088 598 moderna,
1112 528 1198 599 erpal
1215 527 1345 596 intimate,

105 618 273 687 asserendo,
300 621 352 673 che
376 638 426 674 son
449 623 497 693 piri
521 622 632 675 antiche
655 621 682 675 di
700 623 801 688 Roma,
826 641 841 676 e
860 621 889 676 di
904 623 1004 690 Troia,
1031 638 1133 695 quanto
1152 621 1269 677 ridicolo
1288 640 1347 675 non

104 710 217 764 diventa
234 712 262 765 lo
281 710 374 767 studio
392 687 454 766 dell‘
468 715 620 768 antichitrii
657 716 699 768 iia
717 715 770 788 egli
788 714 859 770 latto
874 721 932 770 mai
954 716 1025 770 altro
1042 717 1094 770 cite
1111 720 1240 789 copiare,
1258 733 1274 769 e
1294 715 1347 769 cbe

105 802 158 857 dar
176 801 248 858 fuori
264 808 309 858 cio
329 806 374 859 clr'
397 805 627 875 dissuadens,
654 811 808 863 escritto‘i
840 810 921 863 echi
941 807 1044 864 volesse
1062 806 1204 883 prendersi
1225 823 1289 862 cura
1316 809 1345 861 di

105 896 150 950 lar
175 898 301 970 catalogo
329 897 372 951 de'
395 905 456 953 suoi
481 905 568 953 errori
592 917 652 956 ecc.
676 900 752 975 (ric).
800 902 887 956 'l'ntto
905 917 1002 974 questo
1027 917 1043 954 s
1069 900 1106 955 lei
1125 906 1155 956 in
1172 900 1347 968 confidente,

106 991 316 1045 assicurendols
336 1011 385 1065 per
400 992 481 1060 altro,
498 993 543 1047 ch'
560 998 589 1046 io
605 1011 656 1047 son
674 1010 775 1067 prante
793 1010 809 1047 a
828 992 909 1068 largii
929 996 995 1068 ogni
1013 992 1095 1062 bene,
1113 1011 1141 1047 re
1160 999 1289 1049 occasion
1302 1011 1364 1066 me⁸

108 1101 146 1137 ne
166 1088 256 1140 tiene.
292 1083 353 1139 Elia
377 1090 418 1140 mi
442 1091 568 1142 conservi
592 1086 619 1141 la
640 1103 689 1141 sua
711 1092 819 1160 grazia,
846 1091 920 1142 emi
938 1085 1018 1142 crede
1036 1104 1161 1162 sempm,
1188 1104 1202 1141 e
1223 1086 1251 1140 di
1272 1101 1345 1141 tutto

107 1193 194 1232 cuore

876 1290 927 1328 suo
957 1244 1106 1326 divoiirrdf
1128 1269 1203 1326 obbl.
1232 1271 1308 1327 Serv·

838 1357 841 1366 '
916 1363 1044 1438 Sorrf
1080 1364 1274 1422 Murena

186 1476 219 1532 P.
229 1474 261 1535 S.
304 1478 347 1533 Mi
366 1493 411 1531 era
435 1475 615 1531 dimenticeto
633 1479 679 1531 cib
693 1477 744 1531 che
763 1479 811 1551 piir
831 1482 869 1530 mi
892 1494 998 1552 preme.
1048 1478 1086 1530 La
1105 1493 1189 1549 prego
1205 1491 1346 1530 asservare

110 1569 136 1622 le
160 1576 216 1622 rnie
240 1569 308 1642 sigle
327 1570 449 1637 Cirrha,
482 1570 538 1624 ele
558 1575 750 1642 Antiquitaies
768 1571 893 1635 Galliae,
913 1589 927 1623 e
944 1568 978 1623 da
996 1570 1071 1624 buon
1094 1572 1185 1622 amico
1201 1573 1345 1622 asvisarmi

109 1661 184 1733 degli
201 1667 304 1733 errpri,
331 1666 382 1716 che
405 1668 430 1716 vi
455 1669 600 1736 scoprisse.
647 1666 686 1717 ln
714 1679 839 1736 queste
868 1667 1019 1717 materie
1046 1680 1115 1717 non
1144 1662 1196 1716 c'd
1228 1662 1286 1715 ciri
1315 1665 1345 1715 si

110 1773 217 1827 possa
250 1773 432 1830 preeuntes
460 1772 580 1810 esente
609 1754 837 1825 daerrori1).
877 1757 1024 1830 alienigie
1043 1773 1078 1813 ne
1097 1753 1196 1829 hegil
1218 1753 1350 1829 alquanto·

109 1848 145 1901 da
163 1865 240 1921 parte
255 1867 304 1923 per
318 1849 501 1922 aggiungcrle.

509 1959 693 2036 Risposia
728 1960 753 2017 a'
782 1960 943 2034 Quesiii.

186 2051 230 2106 id
249 2052 337 2125 ium]
375 2055 436 2108 aiii
465 2058 496 2133 in
522 2059 703 2129 inscriptione
723 2054 770 2108 illa
790 2056 938 2107 Veronensi
955 2054 1037 2109 Grut.
1057 2055 1128 2121 890,
1146 2055 1192 2114 ii.
1213 2052 1286 2105 nihil
1305 2050 1349 2106 di·

110 2161 202 2213 cerct,
223 2161 269 2198 aut
289 2144 395 2216 quidvis
416 2146 488 2200 aliud
505 2130 628 2214 'dicerem
647 2165 728 2219 quam
744 2167 763 2199 a
781 2148 952 2209 rationibns;
973 2150 1009 2202 iil
1028 2151 1102 2200 enim
1121 2162 1172 2218 pro
1191 2145 1349 2198 rationibus

110 2257 200 2311 neque
224 2240 395 2305 liomanum,
434 2258 521 2312 neque
551 2246 694 2312 antiquum
722 2240 916 2314 compendium
940 2256 992 2296 est.
1030 2232 1162 2315 Lapidem
1184 2244 1214 2292 in
1232 2239 1351 2307 Museo,

110 2329 186 2402 quod
202 2329 342 2404 publicum
362 2330 451 2400 volui,
470 2337 582 2405 triginta
602 2319 703 2388 abhinc
722 2339 801 2387 annis
820 2333 958 2402 dedicavi,
976 2349 1005 2389 et
1019 2338 1145 2403 omnium
1161 2330 1249 2388 oculis
1261 2345 1349 2407 patet.

110 2422 241 2478 Praefers
261 2424 343 2477 ΑΒΚ.
361 2441 388 2478 et
409 2430 447 2478 ita
464 2444 527 2478 eum
546 2425 620 2481 edidi
640 2433 669 2481 in
690 2428 806 2484 Verona
822 2428 972 2480 illustrata
986 2447 1016 2500 p.
1036 2430 1102 2488 355.

188 2515 231 2571 Ad
251 2517 340 2590 inm]
378 2517 510 2571 Gratulor
534 2522 605 2572 milri
636 2519 670 2574 de
698 2536 833 2573 consensu
858 2536 907 2574 tuo
932 2525 961 2573 in
982 2524 1106 2573 versione
1120 2521 1251 2571 carminis
1265 2515 1347 2571 Grut.

110 2611 186 2676 612,
206 2613 250 2668 13.
296 2610 356 2684 Ego
376 2610 494 2690 βιώσας
510 2617 625 2687 scripsi,
655 2629 686 2668 ut
706 2612 883 2688 responderet
900 2610 1072 2690 praecedenti
1090 2609 1223 2687 πλήσας,
1250 2607 1299 2662 sed
1317 2611 1348 2662 ln

112 2700 189 2756 idem
207 2702 313 2756 recidit.

189 2794 231 2850 Ad
249 2796 341 2868 3um.]
380 2797 538 2851 Grntcriani
556 2798 670 2852 distichi
689 2803 759 2868 399,
778 2804 805 2860 5.
824 2794 1035 2871 rescriptionem
1053 2812 1086 2850 ac
1104 2799 1256 2850 versionem
1273 2809 1348 2849 tuam

112 2887 205 2942 laudo.
243 2889 284 2942 De
303 2905 363 2941 urea
381 2888 446 2960 quid
463 2887 619 2963 proferam?
656 2895 738 2948 Nosti
757 2889 866 2944 Codicis
883 2891 985 2962 legem,
1005 2892 1049 2944 Ne
1068 2895 1128 2961 puis
1149 2894 1178 2942 in
1196 2907 1248 2938 sua
1263 2905 1349 2938 causa

111 2979 228 3034 irrrlr'cee.
265 2978 412 3046 Bassi-tin·
431 2986 461 3034 io
480 2983 616 3062 βασιλεῖς
635 3002 692 3038 uon
709 2992 826 3051 mutavi,
851 2987 915 3054 quia
934 2982 967 3036 de
986 2966 1111 3036 Honorio
1130 2981 1255 3052 intelligo
1276 2981 1347 3055 Imp.

112 3072 305 3140 occidentali,
349 3079 396 3146 qui
422 3094 455 3128 eo
476 3092 548 3128 anno
577 3082 637 3151 ipso
662 3078 736 3149 leges
764 3077 944 3151 promulgavit
968 3076 1113 3131 Romanas.
1158 3072 1291 3129 Arcadius
1321 3077 1350 3127 in

113 3168 234 3222 Oriente
253 3165 383 3239 degebat,
401 3186 452 3220 nec
472 3167 505 3221 de
518 3169 679 3223 honorando
693 3171 826 3225 Aemiliae
842 3167 969 3225 Procride
986 3167 1137 3240 cogitabat.
1170 3174 1356 3224 AIriIIeiiiiz'

118 3275 146 3314 et
164 3260 246 3313 rerba
262 3260 366 3328 reliqua
385 3277 399 3311 a
419 3278 463 3314 tne
479 3267 641 3316 concinnata
658 3265 831 3316 Gruterianis
853 3265 940 3335 magle
961 3260 1086 3314 ridentur
1105 3260 1257 3313 inhaerere.

189 3351 231 3406 Ad
250 3352 339 3425 itum]
378 3353 493 3426 Optime
507 3356 660 3409 minoribus
672 3355 761 3410 literis
776 3359 912 3427 scripsisti
926 3371 1017 3406 versus
1029 3352 1233 3405 Muratorianoa
1245 3353 1309 3414 809,
1321 3355 1349 3406 i.

114 3445 171 3498 Pro
187 3445 310 3497 versibus
330 3463 385 3498 non
411 3451 519 3518 agnitos
540 3463 658 3501 asserere
678 3467 734 3501 non
760 3464 920 3520 possumus,
957 3453 1042 3517 quum
1058 3449 1145 3516 quivis
1169 3458 1184 3495 a
1204 3447 1292 3514 capite
1310 3460 1352 3495 re-

114 3552 256 3603 sumetur,
292 3535 365 3610 quod
388 3540 487 3593 Graeci
511 3539 615 3614 lapides
642 3540 779 3616 praestare
804 3560 860 3592 nou
885 3539 991 3604 solent,
1030 3553 1057 3591 et
1076 3555 1159 3610 quum
1179 3536 1352 3589 liluratorins

115 3627 220 3682 ibidem
242 3649 342 3681 versus
363 3646 404 3684 ter
422 3631 550 3705 appellet.
588 3635 647 3689 Nec
665 3652 712 3687 eos
735 3632 855 3686 dicerem
874 3631 981 3682 mendis
998 3629 1104 3682 obsitos
1118 3629 1255 3701 pluribus.
1293 3629 1354 3681 Vti-

112 3738 180 3789 prarn
204 3728 301 3776 maiori
320 3723 418 3795 longe,
455 3740 482 3779 et
504 3729 616 3778 maioris
640 3731 771 3779 momenti
790 3723 950 3778 mendorum
971 3741 1085 3776 numero
1106 3723 1158 3775 alla
1178 3723 1255 3796 plura
1274 3726 1303 3775 in
1320 3736 1352 3775 ea

115 3815 284 3869 rollcctioue
306 3819 413 3870 (ittera
430 3833 606 3870 monumenta
621 3838 677 3871 nou
694 3816 898 3892 comparerent!
936 3819 1022 3870 Versu
1041 3815 1160 3871 secundo
1178 3813 1355 3893 ὁξηρὲῐμοις

114 3926 181 3961 num
202 3926 252 3982 pro
273 3909 378 3963 Graeca
401 3907 522 3963 dictione
544 3910 637 3963 haberi
659 3916 764 3985 possit,
803 3908 925 3980 ambigo.
971 3909 1089 3974 Omnia,
1120 3926 1204 3983 puto,
1231 3927 1263 3963 ex
1285 3904 1355 3977 rigi.-

113 4007 270 4074 composita
282 3985 447 4056 uternam.
486 4002 605 4076 Ambigo
625 4023 746 4076 quoque,
766 4020 801 4056 an
822 4013 920 4054 astrios
935 4000 976 4056 rel
992 4021 1072 4053 acres
1093 4018 1156 4074 epte
1176 4016 1273 4054 rotare
1291 4015 1356 4072 pos·

113 4098 201 4147 simus
222 4112 327 4156 teuton
356 4101 418 4148 ocri
437 4100 543 4165 remige
565 4097 635 4151 dixit
651 4094 798 4170 Virgilius,
831 4093 879 4148 sed
903 4112 960 4148 non
978 4099 1039 4148 acri
1057 4111 1143 4147 terno.
1193 4096 1291 4166 Aptius
1312 4099 1354 4147 sio

114 4201 208 4261 posset
232 4185 385 4242 emendari:

112 4291 429 4309 m

187 4351 213 4406 i)
231 4352 428 4398 flonesiissirnam
445 4352 505 4398 lianc
523 4352 699 4399 confessionem
715 4350 769 4397 i’iri
787 4352 811 4398 la
830 4352 876 4397 isio
895 4349 1027 4394 studiorum
1044 4362 1134 4409 genere
1152 4351 1253 4404 summi,
1276 4362 1355 4396 meam

116 4436 211 4481 qnoque
229 4422 306 4479 lacio;
335 4428 358 4469 el
376 4423 428 4480 qais
445 4423 569 4467 cordaiior
592 4437 658 4467 suain
676 4437 723 4468 noa
742 4424 790 4467 inm
807 4416 988 4466 dndnmiecii?
1023 4421 1113 4465 Similia
1132 4433 1202 4474 saepe
1221 4420 1244 4463 in
1262 4419 1377 4478 Ιίιιμιι·Ι

115 4491 197 4537 burbri
210 4496 234 4537 ei
245 4492 389 4547 Schoepiiini
400 4492 540 4547 praesertim
553 4493 661 4548 epistolis
671 4492 811 4537 invenimur.
848 4491 886 4535 're
898 4489 981 4534 eouler
993 4490 1058 4535 Celet
1068 4487 1211 4534 liledrcinoe
1220 4487 1275 4534 ire.
1286 4489 1355 4534 iiiii.

116 4562 147 4605 C.
168 4559 193 4606 4.
213 4575 237 4617 p.
259 4557 317 4606 iia.
337 4559 369 4605 ed
386 4559 499 4622 Turgue.
520 4559 642 4608 Veronae.
663 4557 745 4607 iilis
762 4560 907 4606 ‚Onusta

159 4668 248 4708 urna
261 4668 366 4723 imave.
376 4667 442 4710 ann
457 4667 505 4708 vot
514 4668 532 4710 r.
1062 4637 1105 4706 322
