2926 5040
73 280 247 328 DECREVIT.
267 295 334 328 cume
352 283 372 327 si
391 283 460 342 legge
477 281 516 327 nel
534 295 577 328 suo
595 283 711 339 epitutlio.
749 283 841 329 Ser-isse
860 245 933 327 uncbe
946 295 991 326 nna
1003 279 1088 326 storia
1103 281 1170 326 dello
1184 281 1234 326 otta
1249 297 1261 324 e
1277 277 1318 325 dei

73 371 196 432 muneggu'
213 372 305 415 secreti
320 369 383 416 delle
401 370 482 431 mogli
498 369 535 415 de'
553 368 613 415 XII.
633 366 738 426 Gesurs’5
757 384 829 428 opern
841 385 888 417 non
900 385 990 415 ancora
1001 356 1150 426 pubbtieiu,
1170 384 1182 414 e
1196 371 1238 415 che
1250 370 1316 414 forse

74 462 115 504 nol
128 456 184 505 surb
196 460 253 504 mni.
291 459 317 505 lo
330 459 457 516 l'bngttn,
471 473 484 503 e
497 473 544 504 non
557 459 577 503 ci
591 460 621 502 bo
635 465 727 504 trovato
740 455 767 503 nt
780 460 854 503 molle
865 460 948 504 critice
956 491 964 514 ,
983 455 1011 503 ni
1024 459 1143 505 lenocinio
1156 460 1179 503 di
1192 459 1273 502 stile.”

143 538 310 611 Gotnztvs
328 563 475 639 (Hubertus)
499 567 549 612 Hoc
573 567 667 624 quidem
685 566 708 612 iu
726 579 815 624 genere
835 571 1076 621 ruromemurstur,
1107 567 1152 610 etsi
1173 580 1187 609 a
1209 538 1318 610 Grutero

73 654 189 727 intereos
203 654 318 708 refertur,
337 655 377 712 qni
386 655 482 710 scriptis
491 654 593 711 publicis
609 655 631 700 ei
647 655 796 713 profuerint:
816 655 869 711 plus
884 668 941 699 saue
956 655 1013 699 lusit
1027 654 1051 698 in
1066 650 1168 699 nummis
1183 653 1245 698 domi
1258 664 1317 698 suus

73 742 160 787 llendis
175 744 299 788 ieriundis.

71 846 79 866 ’
146 850 264 895 comus
282 847 415 904 (Antonius
431 847 594 904 Franciscus)
612 849 746 895 Notandum
762 854 807 904 eet,
827 847 932 895 Gortum
948 850 1028 893 necin
1044 846 1160 892 Doniuno
1175 861 1257 903 opere,
1273 862 1318 893 uec

74 938 100 980 in
123 936 251 995 Inscrrptt.
268 935 389 1001 L'truriue
403 952 472 982 usum
488 953 541 984 esse
561 937 664 984 Gruters'
682 939 785 983 editione
806 940 896 990 altera,
926 938 986 982 unde
1010 938 1090 992 plures
1117 950 1215 981 errores
1238 937 1261 980 in
1288 950 1317 980 ee

10 1063 13 1071 .
73 1031 200 1070 eos-rectos
223 1037 251 1070 er
275 1026 356 1080 priore
379 1028 483 1083 repetiit.
528 1028 659 1085 Aliquando
683 1032 707 1071 et
731 1028 809 1083 ipsum
827 1040 841 1069 e
858 1026 963 1071 salsuriis
981 1027 1104 1081 deceptum
1123 1039 1175 1070 esse
1198 1025 1318 1072 contendit

71 1111 196 1175 Hsffeius
214 1115 236 1158 in
255 1115 356 1170 epistole
370 1112 473 1169 ibedita,
492 1129 564 1172 quam
579 1115 686 1159 dabimus
702 1117 725 1160 in
743 1115 877 1171 Appendice
893 1114 924 1158 ll.

144 1219 306 1276 Guupvlvs
324 1221 369 1277 (Io.
390 1219 527 1282 Georgius)
545 1223 572 1266 ln
591 1222 832 1267 coinmeuturiis·suis
850 1222 873 1266 in
890 1225 983 1265 veteres
1001 1220 1132 1276 scriptores
1147 1225 1171 1264 et
1186 1221 1209 1264 in
1224 1219 1317 1275 praeta·
1342 1230 1347 1239 ·

74 1308 231 1353 tionibus-ccl
257 1307 333 1354 Thes.
358 1309 456 1369 Antiqq.
481 1308 550 1354 Rom.
570 1323 640 1367 saepe
661 1308 787 1355 Gudiunis
804 1309 868 1354 saxis
887 1310 961 1353 utitur
979 1308 1105 1355 manifesto
1126 1309 1229 1365 spuriis,
1258 1322 1317 1367 quse

76 1402 156 1452 utpote
176 1398 263 1442 ineditu
282 1399 374 1456 sibique
392 1399 432 1442 uni
450 1400 577 1444 commissa
595 1399 668 1443 nimiu
685 1400 782 1443 caritate
802 1397 988 1455 amplexabatur.

145 1503 316 1550 GRVTERVS
335 1504 432 1560 (lanus)
448 1506 474 1549 ln
496 1506 565 1550 buius
584 1506 708 1551 Thesauro
730 1505 861 1563 ubicunque
881 1505 956 1561 probe
977 1505 1143 1551 attendendum
1162 1472 1198 1548 ebt
1220 1507 1316 1549 nostrus

75 1587 213 1648 disciplinae
228 1594 351 1664 stpdioso,
375 1607 420 1652 qua
439 1595 536 1652 quisque
554 1594 614 1649 lapis
629 1595 770 1639 auctoritate
785 1594 818 1638 sit
831 1595 949 1653 muuitus3
969 1607 1023 1637 nam
1038 1581 1133 1650 praeter
1152 1607 1194 1648 eu,
1214 1607 1272 1651 quoe
1288 1605 1317 1636 ex

73 1681 233 1736 scriptoribus
257 1684 373 1738 suspectis
392 1683 415 1727 in
437 1682 482 1727 boc
500 1688 583 1727 nostro
604 1684 679 1730 indice
701 1683 789 1727 notatis
806 1683 952 1736 efferuntur,
983 1682 1029 1726 elin
1046 1695 1138 1739 quoque
1157 1680 1241 1725 dubiae
1262 1678 1316 1723 fidei

73 1768 160 1824 nabet,
180 1770 245 1813 nulle
260 1771 355 1827 quidem
373 1784 416 1815 sua
436 1777 459 1817 et
476 1770 604 1830 Scaligeri
621 1773 703 1826 culpa,
724 1772 769 1815 uisi
788 1771 850 1828 quod
868 1770 953 1823 asnbo,
979 1767 1097 1815 laudabili
1108 1783 1166 1814 sane
1184 1770 1262 1814 studio
1281 1767 1316 1843 in,-

72 1858 155 1912 censi,
184 1857 279 1912 omnia,
308 1856 396 1903 silleri
412 1865 511 1914 posset,
536 1860 720 1915 complectendi,
748 1860 818 1903 niiuis
843 1864 910 1902 erniit
928 1859 1024 1918 benigni
1043 1864 1067 1903 et
1084 1859 1166 1903 faciles
1184 1859 1208 1902 iu
1226 1858 1337 1926 etnicos!

73 1951 184 2001 suspectu
200 1947 272 1990 etiem
290 1949 351 1990 dona
366 1948 509 2004 offerenlcs3
530 1951 557 1992 de
571 1963 616 2006 qun
629 1946 734 1993 Gruteri
747 1944 878 2001 timiditate,
893 1961 921 1992 ue
935 1947 1010 1991 dicum
1024 1948 1174 1999 credulitate,
1190 1945 1316 2004 aliquoties

73 2035 183 2093 queritur
200 2032 405 2095 Hugenbucbius.
442 2037 533 2092 „Teuta
554 2042 591 2081 est
607 2037 745 2095 magnitudo
762 2037 904 2081 meritorum
923 2033 1026 2080 Gruters'
1044 2041 1067 2079 et
1085 2035 1226 2095 Scudgeri,
1253 2034 1316 2077 uiro·
1336 2038 1359 2059 ..

73 2130 128 2171 dum
141 2140 288 2171 summorum
301 2133 324 2177 el
336 2117 572 2204 nptttupndrwv,
593 2137 618 2175 ut
630 2145 712 2177 omnes
726 2134 831 2176 omnium
847 2133 938 2192 gratioe
954 2132 983 2175 nb
1000 2133 1109 2176 omnibus
1125 2132 1160 2175 eis
1175 2131 1315 2176 debeantur.

74 2215 141 2260 liund
156 2228 213 2264 rsro
229 2221 307 2260 eutem
322 2217 409 2261 accidit
423 2217 559 2263 hominibus
575 2219 639 2264 bisce
656 2221 758 2279 magnis,
779 2220 912 2275 bominibus
928 2227 1015 2275 tnsnen,
1035 2224 1059 2266 ut
1074 2220 1220 2266 blandientes
1233 2231 1316 2263 eormn
1400 2279 1404 2285 “

72 2304 225 2349 coniecturae
242 2307 265 2348 et
280 2306 427 2360 suspiciones
442 2307 499 2373 ipsis
514 2307 684 2363 imposuerint:
708 2322 780 2366 quere
796 2310 890 2364 suepiue
906 2308 1025 2365 optabam,
1049 2310 1143 2366 utquid
1159 2307 1316 2359 inuenissent,

72 2392 144 2451 inque
163 2394 227 2450 qnid,
248 2393 309 2450 qnod
328 2396 479 2448 inxenerant,
508 2400 654 2450 mutassent,
679 2400 759 2440 curete
779 2401 937 2452 exponerent,
966 2410 1012 2456 qno
1030 2398 1132 2446 lectores
1146 2397 1251 2441 iudicare
1271 2389 1315 2451 ipsi

72 2484 182 2536 possent.
219 2481 280 2536 Sed,
301 2483 362 2539 quod
379 2485 466 2527 nollem
481 2482 584 2538 factum,
604 2485 722 2529 interdum
740 2485 855 2538 reticent,
878 2498 906 2530 er
926 2499 986 2543 qno,
1008 2486 1068 2542 qnod
1087 2487 1187 2538 dedere,
1210 2484 1269 2541 ipsis
1284 2483 1325 2527 sit.
1379 2529 1386 2550 ἱ

73 2573 168 2614 netum:
188 2569 212 2614 in
231 2570 314 2625 primis
330 2557 455 2616 Gruterus
470 2572 616 2627 praeclarius
631 2574 702 2618 etium
717 2573 801 2617 fuisset
818 2573 918 2617 meritus
933 2575 960 2618 de
977 2575 1053 2618 literis
1072 2573 1137 2618 bisce
1156 2573 1274 2631 antiquis,
1294 2573 1314 2616 si

72 2662 167 2702 retento
183 2663 239 2713 typo
254 2659 345 2712 primo,
366 2673 420 2704 cum
438 2674 467 2704 eo
483 2666 551 2716 typos
569 2661 687 2713 aliorum,
709 2662 734 2705 in
751 2675 809 2721 quos
825 2655 1051 2717 posteaincidernt,
1071 2663 1105 2706 ite
1120 2661 1268 2714 contulisset,
1291 2664 1317 2703 ut

72 2735 293 2818 ὅιτῐογραᾳίας
306 2751 370 2805 ipsas
386 2756 493 2796 enotaret
508 2752 596 2808 polius,
615 2766 684 2809 quum
698 2753 800 2797 inductis
815 2758 924 2809 typorum
937 2752 1201 2810 primorumexemplis,
1221 2763 1315 2793 uorum-

72 2851 119 2897 que
134 2840 188 2884 loco
203 2839 282 2883 allatis
297 2839 359 2893 eliis,
380 2853 424 2884 nos
440 2840 544 2884 incertos
560 2841 703 2899 ignarosque
719 2842 857 2894 dimitteret,
877 2843 932 2899 quid
947 2841 1005 2886 subi
1020 2820 1126 2900 legisset,
1143 2843 1312 2895 mutnsselque.

72 2927 152 2985 Quum
169 2922 306 2971 Gruterum
321 2926 456 2972 conticerem
470 2942 526 2996 cum
541 2929 692 2983 unctoribus,
714 2942 743 2974 ex
758 2929 842 2987 quibus
857 2929 984 2983 bausci-ct,
1002 2930 1121 2984 inprimis
1137 2942 1191 2972 cum
1205 2924 1312 2984 Apiuuo,

70 3028 145 3073 saepe
160 3028 213 3061 sum
228 3017 358 3060 admiratus
374 3018 510 3062 felicitatem
527 3019 577 3064 siue
596 3016 714 3072 Gruteri,
742 3019 792 3062 siue
809 3015 938 3076 scaligeri
956 3019 1033 3062 divine
1051 3018 1226 3071 restituentiqm
1244 3028 1314 3059 verus

72 3104 188 3150 lectiones
204 3116 233 3149 en
248 3104 332 3148 mulis:
363 3118 424 3162 quus
437 3109 514 3149 tamen
528 3107 619 3160 mulas,
644 3107 698 3163 quie
716 3120 762 3150 non
781 3108 942 3160 adduxerunt,
967 3106 1080 3151 indicium
1099 3118 1182 3150 eorum
1200 3102 1316 3148 aunsirart

72 3207 120 3239 non
135 3197 249 3248 possunt,
275 3192 319 3237 nisi
335 3194 375 3252 qui
390 3199 499 3238 nticlores
518 3193 598 3249 ipsos,
624 3200 806 3252 quorumupus
821 3200 992 3251 persenserunt,
1018 3197 1141 3248 evolvunt,
1164 3194 1318 3252 quodquam

70 3281 208 3339 paucissimi
231 3281 334 3326 faciunt:
364 3282 401 3325 uel
424 3280 485 3335 duo,
514 3283 652 3327 seluemo:
678 3287 748 3339 turpe
766 3289 790 3327 et
806 3283 967 3327 mirarabile!
1003 3283 1082 3328 inveni
1101 3296 1158 3328 vero
1177 3282 1312 3334 collatione,

70 3383 143 3428 quem
158 3351 222 3424 dixi,
248 3370 371 3423 institute,
401 3371 440 3414 ubi
456 3371 551 3414 omniuo
569 3372 629 3415 scire
646 3373 758 3425 interest,
782 3373 837 3429 quid
859 3373 898 3416 alii
917 3362 970 3416 erite
990 3370 1126 3416 Gruterum
1143 3372 1264 3423 dederint,
1289 3373 1315 3412 nt

70 3458 205 3503 sumninala
224 3458 329 3512 ¹lectione
355 3459 499 3502 Gruteriune
522 3460 588 3503 aliud
611 3461 679 3516 quid,
714 3462 865 3517 quamquod
887 3458 1011 3504 Gruterus
1033 3461 1095 3505 dedit
1103 3492 1108 3513 ,
1138 3459 1225 3517 legonti
1247 3458 1312 3501 exire

68 3545 156 3603 possit.
193 3546 258 3590 llaec
272 3548 403 3605 generatim
419 3535 516 3591 mouere
533 3549 593 3592 huttd
608 3549 709 3593 alienum
725 3549 875 3592 inihiutsum
891 3553 941 3593 est:
961 3550 1068 3603 exeinpla
1085 3549 1199 3592 adducere
1216 3558 1312 3601 possum

68 3634 187 3691 plurima,
216 3634 256 3678 s'ed
281 3636 380 3689 pauculn
400 3635 437 3679 bic
462 3636 535 3679 citet-e
556 3650 598 3679 ero
620 3642 752 3680 contentus.
802 3636 872 3681 Grut.
893 3634 957 3691 818,
985 3634 1025 3680 ΙΙ.
1055 3636 1147 3679 nonnisi
1167 3648 1195 3678 ex
1216 3632 1313 3691 Apiuuo

70 3736 95 3780 p.
114 3719 172 3776 103,
192 3720 214 3766 1.
236 3723 274 3765 dul
289 3720 427 3776 Gruterus,
454 3728 533 3767 tacens
552 3729 591 3767 uut
608 3739 643 3779 se,
664 3730 704 3769 uut
720 3724 881 3784 Scaligerum
898 3724 991 3782 Apiuni
1008 3724 1189 3769 DECLlOllVS
1209 3729 1312 3776 inuitasse

60 3811 96 3875 'iu
115 3810 145 3855 D.
166 3811 194 3854 F.
216 3809 373 3855 CHLORVS.
416 3812 459 3856 llic
485 3826 542 3862 vero
568 3814 649 3857 dubito
673 3814 703 3856 ob
727 3815 824 3857 nimium
848 3816 970 3859 ceritatem
994 3814 1142 3873 cognominis
1166 3812 1313 3860 ctttottvs
1376 3866 1377 3869 Ἰ

70 3913 153 3944 rernm
171 3901 298 3944 lectionem
314 3913 366 3944 sese
382 3901 474 3944 dedisse
490 3902 587 3945 mutanti
604 3917 632 3946 ex
650 3903 761 3961 ingenio;
777 3903 841 3960 ‚quid
860 3917 904 3958 pro
922 3902 1104 3948 nucetonvs
1121 3902 1232 3946 fueritin
1255 3915 1313 3948 suno
1404 3915 1411 3927 ·

69 3989 139 4044 ipso,
162 4002 208 4031 non
230 3985 349 4032 definiam.
387 3988 449 4033 Grut
466 3986 530 4043 856,
554 3986 578 4034 3.
616 3990 708 4046 Apiuns'
727 3996 816 4034 textum
834 3988 934 4047 p.13t‚
957 3990 979 4036 Ι.
1018 3991 1046 4035 L.
1074 3991 1196 4036 snmus.
1226 3991 1254 4034 L.
1283 3990 1312 4044 L,

42 4064 44 4067 ’
72 4048 256 4147 nuscumsl
275 4074 432 4122 nssnuuls
452 4079 470 4122 1.
490 4078 519 4122 n.
540 4078 648 4123 cunno
666 4080 695 4123 n.
715 4084 725 4128 ιι
748 4082 772 4123 s.
792 4080 821 4123 F.
843 4090 871 4135 ῃ.
892 4091 919 4134 0.
940 4081 969 4124 1..
989 4079 1198 4124 rnonseueu
1220 4078 1310 4126 ivon

71 4164 103 4209 ΙΙ.
121 4165 164 4208 SS.
183 4164 214 4208 ΙΝ
231 4163 361 4209 ΡΙΙΟΝΤΕ
377 4167 490 4211 ΡΕΙΝΜ
504 4171 512 4214 ΙΙ
527 4168 587 4211 ΙΙΙΙ.Ι
599 4168 641 4212 IN.
658 4169 730 4213 scu.
747 4168 850 4213 Penes
867 4168 922 4213 ΙΙΙΙ.
943 4169 975 4212 itu
991 4169 1043 4222 det,
1062 4173 1087 4212 ut
1102 4169 1183 4215 literas
1201 4169 1313 4225 quasdam
1345 4159 1351 4171 ⁸

72 4254 141 4298 docte
154 4255 270 4307 emendet,
289 4254 348 4298 alias
367 4260 416 4299 tres
434 4257 535 4307 omittat,
553 4268 580 4300 ex
595 4257 703 4302 uersibus
717 4258 819 4315 quinque
834 4257 905 4301 faciut
922 4262 1026 4311 septem:
1047 4256 1074 4303 1..
1092 4257 1203 4302 ALFll'S
1214 4260 1223 4306 ll
1237 4256 1264 4299 L.
1282 4256 1310 4300 L.

73 4341 241 4388 antn‘Nts.
253 4340 419 4388 anmllt'tn.
433 4349 443 4391 ll
456 4343 484 4388 L.
501 4344 530 4388 L.
548 4345 653 4391 CERDO
670 4350 678 4394 ΙΙ
696 4357 723 4399 s).
739 4358 767 4401 ζ).
780 4347 808 4390 L.
818 4346 968 4391 PltOTtDt.
986 4346 1062 4390 LEM.
1079 4344 1144 4390 ΑΙΙΟ
1157 4348 1166 4391 ΙΙ
1184 4346 1212 4388 ΙΙ.
1227 4345 1252 4387 S.
1267 4345 1309 4389 &ll

66 4430 106 4502 ΙΙΙΙ
125 4429 255 4475 ΡΙΙΟΝΤΕ
273 4430 395 4475 Pullum.
415 4431 471 4477 ΙΙΙΙ.
495 4436 504 4481 ll
527 4433 568 4478 ΙΝ.
587 4434 659 4478 nult.
679 4435 790 4480 PEDES.
811 4436 866 4490 ΙΙΙΙ.
887 4459 919 4469 -
941 4435 1044 4492 Cupuse.
1081 4435 1107 4479 lu
1126 4435 1201 4478 indice
1216 4428 1257 4478 23.
1278 4432 1311 4476 nil

72 4522 136 4567 seui.
155 4518 206 4564 Non
220 4521 328 4574 uiderunt
339 4522 427 4565 misere
439 4519 546 4567 immiste
559 4531 611 4568 csse
622 4529 643 4568 et
654 4525 760 4577 confuse,
774 4538 832 4583 quse
844 4525 919 4569 tribus
929 4500 1016 4569 sicutte
1027 4526 1061 4570 sic
1071 4525 1216 4581 distinguere
1226 4535 1310 4567 conor:
