2926 5040
158 168 200 231 u
413 238 416 252 Ι
579 167 981 235 ennunsr1o
1053 227 1058 236 .

155 345 285 403 mortno
307 337 501 412 Hanboldo,
528 335 731 419 impatienter
759 349 977 421 exspectamus
1007 339 1221 424 aBorghesii
1242 350 1274 405 et
1294 340 1402 427 Cape·

155 449 247 534 figuii
266 449 431 514 sollertiae
454 448 570 513 seriem
590 447 712 531 pariter
733 449 980 513 Praefectorum
1002 451 1086 515 Urbi
1107 451 1253 516 intactam
1271 453 1400 539 reliqui.

155 597 198 609 -
220 560 303 627 Cum
321 560 408 624 civili
427 572 530 625 autem
547 559 684 624 historia
701 558 812 623 intima
831 562 963 645 quadam
986 563 1215 627 necessitudine
1233 560 1402 630 coniuncta

154 684 224 737 erat
251 672 410 748 literaria,
441 673 530 736 cuius
552 671 712 753 specimen
732 671 809 735 satis
831 672 987 754 amplum,
1016 673 1209 754 historicos,
1240 688 1418 755 oratores,

154 784 380 868 philosophos,
402 786 530 866 poetas,
554 782 668 860 ICtos,
691 785 838 848 rhetores
860 795 892 846 et
914 785 1137 869 grammaticos
1158 787 1191 850 in
1208 788 1294 853 ιιιιίι
1315 791 1401 854 cele·

155 899 269 961 bratos
290 896 504 981 complectens
530 880 716 978 composui,
749 895 812 971 ita,
842 908 877 959 ut
896 897 962 960 hoc
983 897 1108 981 quidem
1129 898 1160 962 in
1182 920 1301 984 genere
1321 901 1401 965 nihil

153 1008 224 1073 sere
241 1008 449 1072 desideretur.
485 1006 618 1091 ‘Quibus
633 1006 835 1089 pertractatis
852 1012 1091 1110 procedendum
1109 1022 1189 1090 erat,
1207 1012 1335 1095 opinor,
1360 985 1400 1077 ad

153 1119 325 1206 religionen
357 1140 474 1205 resque
500 1140 607 1183 sacras
636 1118 856 1195 illustrandas3
886 1123 974 1204 quod
996 1121 1217 1206 gramsmmum
1239 1135 1335 1207 caput
1354 1130 1400 1191 ita

153 1232 262 1317 divisi,
298 1243 335 1296 ut
361 1233 395 1295 in
422 1230 534 1314 priore
561 1243 651 1314 parte
680 1251 908 1297 enumerarem
923 1232 1028 1314 primo
1056 1235 1147 1299 Deos
1177 1238 1397 1303 Romanorum

151 1344 292 1429 patrios,
317 1354 411 1428 atque
435 1344 551 1408 alove
570 1364 705 1409 exorsus
722 1364 781 1427 per
801 1347 919 1428 gradus
937 1347 977 1408 ad
995 1333 1142 1431 Eponam
1160 1347 1398 1435 Mephitimque

153 1459 397 1532 descenderem,
421 1468 487 1519 tum
509 1477 589 1520 vero
611 1456 770 1521 Italorum
792 1455 996 1540 municipales
1016 1459 1118 1536 Deos,
1142 1471 1175 1524 et
1194 1462 1397 1546 peregrinos,

151 1569 185 1634 id
206 1581 254 1634 est
275 1568 436 1649 Asiaticos
458 1580 490 1632 et
510 1568 745 1653 Aegyptiacos,
769 1590 840 1632 cum
862 1568 925 1633 illis
949 1572 1188 1651 consociarem,
1212 1576 1400 1659 tandemque

85 1672 88 1685 '
152 1681 330 1747 desinerem
357 1681 391 1744 in
422 1680 573 1758 Gallicis,
604 1681 810 1763 Hispanicis,
839 1680 906 1745 eius
939 1682 1066 1766 generis
1095 1685 1163 1748 aliis
1184 1666 1400 1770 requirendis.

152 1794 227 1878 Qua
249 1792 376 1878 quidem
405 1794 437 1857 in
466 1815 521 1871 re,
559 1794 619 1857 etsi
642 1805 764 1859 certum
787 1796 942 1877 quendam
963 1816 1001 1858 ac
1020 1795 1170 1860 facillime
1193 1797 1307 1883 cuique
1324 1821 1401 1882 per·

151 1907 334 1990 cipiendum
355 1902 499 1971 ordinem
521 1906 660 1984 servavi,
684 1909 789 1990 probe
808 1917 913 1970 tamen
937 1909 1017 1984 scio,
1041 1910 1124 1971 haud
1143 1908 1323 1988 defuturos,
1346 1911 1403 1996 qui

152 2041 224 2083 eum
245 2019 361 2083 acriter
381 2018 444 2082 sint
466 2018 713 2102 reprehensuri,
736 2002 895 2104 tamquam
914 2040 1017 2102 neque
1037 2022 1206 2086 obscurum
1224 2023 1320 2099 satis,
1341 2043 1402 2087 nec

152 2130 296 2214 ipsorum
328 2110 534 2214 opinionibus
561 2130 820 2207 convenientem
854 2152 935 2215 quos
957 2131 1102 2215 equidem
1123 2155 1183 2199 suo
1205 2133 1319 2199 iudicio
1335 2134 1402 2199 nui

153 2264 257 2328 aequo
270 2243 374 2307 animo
387 2243 504 2329 patiar,
528 2243 709 2326 Simplicem
720 2255 823 2306 tamen
837 2264 897 2326 per
910 2242 1089 2323 lectionem,
1109 2245 1203 2310 velsi
1216 2248 1296 2310 haee
1308 2245 1401 2311 nimis

152 2355 251 2444 fuerit
274 2332 435 2433 taiediosa,
470 2355 606 2419 iudicum
628 2367 715 2420 certe
737 2355 875 2433 auxilio,
906 2377 987 2441 quae
1009 2355 1071 2421 sibi
1091 2358 1302 2442 qnoquesint
1321 2379 1402 2442 pro·

152 2467 283 2544 futura,
306 2468 424 2550 passim
439 2468 619 2550 reperient:
643 2467 915 2553 meminerintque,
939 2490 1072 2554 quaeso,
1096 2470 1200 2534 locum
1215 2470 1401 2537 hicnullum

152 2581 262 2658 luisse,
291 2601 394 2666 neque
409 2601 512 2645 novae
526 2579 877 2671 veterumreligionum
892 2580 1057 2689 dpctrinae
1073 2585 1276 2659 condendae,
1295 2602 1401 2667 neque

112 2722 115 2729 ·
151 2691 229 2775 ipsis
251 2692 440 2757 assentandi.
485 2691 647 2775 Simplicia
673 2694 837 2755 dumtaxat
857 2714 917 2757 nos
942 2703 1118 2769 sectamur,
1153 2694 1339 2759 testimoniis
1368 2694 1421 2791 “i

154 2805 348 2888 argumentis
372 2803 492 2868 idoneis
514 2803 632 2888 ubique
652 2804 789 2880 firmata,
812 2805 899 2867 clara
920 2816 1016 2890 atque
1031 2817 1137 2879 certa;
1160 2827 1241 2890 qnae
1255 2805 1305 2869 his
1321 2828 1401 2871 con·

151 2917 248 2980 traria
277 2928 366 2993 sunt,
404 2915 509 2979 stultis
542 2927 574 2979 et
594 2915 727 2979 incautis
757 2913 929 2991 mirabilia,
964 2916 1057 2980 nobis
1080 2938 1236 3003 nunquam
1261 2918 1334 2996 fiet,
1365 2931 1402 2983 ut

153 3029 319 3112 placeant;
349 3031 525 3113 eodemque
547 3030 672 3092 tandem
704 3048 834 3104 omnes,
864 3049 982 3110 spero,
1011 3028 1205 3093 inclinabunt
1225 3027 1398 3115 philologi,

152 3141 207 3207 uhi
231 3140 364 3205 inanitas
386 3141 571 3226 sanitasque
597 3139 832 3219 doctrinarum,
865 3161 943 3225 quae
965 3162 1049 3204 nime
1069 3140 1289 3220 invaluerunt,
1323 3143 1400 3206 satis
1446 3153 1448 3158 '

154 3254 217 3319 erit
238 3257 466 3319 demonstrata.
1298 3245 1301 3249 ’

238 3366 339 3432 Simili
360 3366 472 3431 deinde
487 3366 611 3430 ratione
626 3375 770 3429 versatus
786 3387 854 3428 sum
869 3365 902 3428 in
924 3366 1126 3443 sacerdotiis,
1151 3378 1286 3451 totoque
1307 3367 1396 3431 cultu

153 3479 262 3546 divino
289 3478 426 3561 lapidum
456 3477 644 3542 adminiculo
676 3477 889 3552 illustrandis;
926 3478 1111 3569 quibuscum
1137 3490 1204 3543 arte
1226 3481 1399 3544 cohaerent

153 3592 253 3657 omnis
277 3589 403 3674 generis
426 3589 512 3667 ludi,
535 3588 735 3673 spectacula,
765 3589 949 3653 certamina.

237 3703 390 3783 Quartam
420 3701 568 3784 deinceps
594 3722 700 3763 rerum
733 3702 949 3765 Romanarum
973 3703 1087 3766 scriem
1112 3703 1221 3768 exorsi
1247 3726 1353 3768 sumus
1380 3726 1399 3768 a

151 3813 370 3890 matrimonio,
401 3816 506 3895 quod,
530 3812 673 3897 quamvis
696 3814 855 3877 advitam
879 3814 1079 3878 domesticam
1096 3815 1281 3898 civilemque
1296 3816 1398 3901 magis

151 3925 343 4010 pertineret,
366 3947 384 3987 a
404 3922 602 3989 caerimoniis
621 3936 724 4003 tamen
739 3925 883 3989 Deorum
897 3926 1121 3995 immortalium
1136 3928 1222 3990 haud
1236 3940 1319 3992 esset
1334 3930 1398 3995 dis·

39 4044 43 4051 “
150 4040 311 4111 iunctum;
334 4048 447 4119 utpote
466 4039 566 4121 quod,
588 4037 775 4103 Modestino
794 4048 938 4114 auctore,
964 4039 1061 4102 divini
1080 4051 1113 4101 ct
1125 4040 1251 4103 humani
1265 4040 1342 4113 iuris
1358 4042 1401 4106 sit

153 4148 397 4216 communicatio
407 4172 415 4223 ;
425 4147 535 4211 'varias
549 4160 663 4230 postea
674 4149 920 4214 necessitudines
932 4171 949 4212 e
963 4151 1080 4231 nuptiis
1093 4161 1191 4228 ortas,
1202 4174 1244 4231 ac
1258 4153 1395 4230 nomina,

152 4284 289 4349 quorum
307 4261 462 4345 perplexa
472 4280 566 4345 saepo
578 4260 660 4325 ratio
674 4282 715 4325 ex
729 4259 989 4343 inscriptionibus
1004 4264 1090 4326 haud
1104 4263 1259 4328 minimam
1275 4277 1398 4346 partem

152 4375 342 4459 explicatur,
359 4394 466 4455 ¹sunaus
480 4372 652 4456 persecuti.
698 4373 787 4453 Quae
803 4372 908 4438 omnia
926 4396 1022 4459 quum
1038 4378 1078 4440 ad
1095 4375 1255 4460 ingenuos
1269 4376 1400 4460 potissi·

152 4509 236 4551 mum
247 4497 441 4570 spectarent,
465 4484 553 4550 serui
563 4483 668 4549 statim
681 4496 714 4548 ut
725 4486 773 4576 his
786 4498 1038 4570 opponerentur,
1052 4501 1120 4551 erat
1131 4501 1375 4555 consentaneum
1390 4513 1399 4566 ς
