2926 5040
484 198 887 266 Puneearro
1272 182 1367 279 ln,

64 373 278 441 incredibilem
297 392 399 456 paene
417 391 487 435 esse
506 390 657 435 saxorum
677 348 911 445 confusionem,
932 368 964 432 in
983 369 1108 433 Museis
1122 369 1310 452 praesertim

65 485 184 551 Italicis
199 496 231 550 et
243 483 447 560 Britannicis,
463 481 520 547 ubi
534 484 573 545 de
583 481 745 566 pinnisque
756 481 853 546 hodie
863 480 934 544 lere
949 481 1137 557 nesciretur,
1154 483 1311 545 undenam

64 616 210 685 quaeque
231 595 350 662 luerint
372 582 525 659 invectas
559 593 710 659 maiorem
733 593 828 657 etiam
848 591 952 656 inesse
970 593 1183 657 difficultatem
1205 593 1238 657 in
1259 593 1310 669 iis,

65 732 147 797 quae
171 721 247 794 post
275 711 449 772 Gruterum
474 718 668 792 ceterosque,
686 725 819 790 magnos
841 706 1034 769 collectores
1057 705 1111 768 vel
1134 704 1314 777 interierint

64 823 206 898 omnino,
228 821 282 885 vel
300 822 404 885 locum
423 812 588 894 mutarint,
610 819 665 883 vel
677 818 710 881 in
725 817 841 903 quibus
857 818 897 880 ab
913 817 975 881 illis
995 817 1126 900 aliisque
1145 818 1312 913 negligen-

63 937 125 1031 lips
147 935 174 999 is
192 945 275 998 esset
290 943 436 997 notatus:
458 968 495 979 -
516 931 592 1016 quid
616 932 742 994 tandem
757 950 896 1014 quaeso,
920 929 1019 994 facies
1033 930 1220 1016 Ligorianls
1235 929 1316 994 reli·
1404 1002 1409 1009 .

63 1048 198 1133 quisque
219 1047 334 1109 misere
351 1044 549 1127 interpolatis
571 1053 667 1128 atque
685 1040 827 1124 spuriis?
870 1039 1043 1122 Quocirca,
1067 1041 1212 1126 quamvis
1230 1042 1312 1105 clas·

63 1161 142 1223 sium
158 1176 288 1244 quoqne
303 1154 489 1241 descriptio,
514 1157 639 1241 qualem
662 1176 726 1239 ego
747 1152 886 1229 institui,
911 1153 975 1216 suis
992 1173 1058 1217 non
1077 1154 1202 1219 levibus
1219 1155 1311 1218 labo·

24 1307 26 1311 ·
62 1285 113 1336 ret
125 1270 352 1346 incommodis,
376 1268 577 1333 nihilominus
591 1267 624 1331 in
638 1267 764 1330 Latinis
780 1266 841 1329 erit
854 1265 1081 1348 praeferenda,
1105 1279 1216 1349 utpote
1230 1286 1312 1352 quac

60 1384 123 1466 ipsi
148 1383 341 1468 antiquitatis
367 1382 517 1473 scieptiae
539 1381 640 1465 magis
661 1380 704 1443 sit
723 1379 917 1462 profuturas
953 1381 1050 1442 modo
1075 1379 1166 1443 locus
1193 1378 1311 1464 ubique

63 1518 156 1581 qnam
182 1495 379 1560 curatissime
401 1494 473 1557 lieri
494 1495 631 1576 poterit,
657 1492 868 1576 investigetur
894 1503 989 1576 atque
1011 1503 1172 1583 epotetur.
1216 1494 1310 1578 Ergo

63 1611 103 1672 ad
122 1606 291 1673 Helvetico
313 1620 348 1670 ut
367 1609 513 1682 redeam,
546 1607 643 1668 habes
661 1603 715 1671 hic
734 1604 839 1668 omnia
856 1603 933 1666 mihi
953 1615 1048 1680 nota,
1071 1603 1189 1668 inedita
1215 1605 1310 1668 etiam

63 1721 205 1806 aliquot3
238 1721 374 1784 maxima
395 1718 542 1794 minima,
566 1718 690 1802 integra
712 1715 838 1793 mutila,
863 1716 987 1780 sincera
1006 1717 1134 1799 spuria,
1160 1719 1199 1779 ab
1223 1717 1310 1781 occi·

62 1837 156 1897 dente
186 1833 340 1896 orientem
361 1853 476 1895 versus
494 1842 679 1914 perpetuam
702 1831 733 1894 in
755 1829 867 1892 seriem
888 1828 1051 1911 disposita.
1096 1829 1193 1909 Quod
1214 1840 1312 1912 caput

61 1945 121 2009 etsi
135 1946 198 2009 hoc
213 1945 338 2029 quidem
354 1964 472 2029 genere
486 1964 557 2005 cnm
574 1942 688 2007 ceteris
704 1943 875 2024 discrepat,
896 1941 928 2004 id
942 1953 1046 2004 tamen
1061 1941 1248 2022 praestabit,
1273 1951 1311 2004 ut

61 2069 191 2122 nostrae
202 2056 387 2140 discipliuae
397 2058 557 2120 studiosus
572 2066 694 2119 mature
709 2055 749 2119 sit
762 2050 993 2130 intellecturus,
1010 2054 1126 2138 quibus
1142 2075 1211 2116 cum
1230 2053 1311 2116 diffi-

61 2169 231 2233 cultatibus
251 2170 283 2232 in
304 2168 605 2233 ea'conflictandum
625 2168 685 2243 sit,
708 2178 924 2251 quantumque
945 2187 1039 2249 saepe
1054 2167 1191 2230 taedium
1207 2170 1308 2231 devo·

60 2284 194 2345 randum
215 2282 248 2343 in
266 2282 346 2344 male
365 2280 550 2363 exscriptis,
581 2279 722 2355 truncis,
752 2278 998 2355 commenticiis,
1030 2279 1145 2343 nullius
1173 2278 1308 2365 denique

61 2396 212 2457 momenti
234 2371 496 2475 inscriptionibus
516 2391 772 2476 pervestigandis
792 2412 829 2453 ac
850 2390 1067 2479 diiudicandis.
1125 2393 1195 2473 Qua
1217 2391 1251 2455 in
1271 2412 1308 2455 re

62 2525 259 2591 magnopere
275 2525 324 2568 me
343 2504 531 2568 adiuverunt
550 2503 776 2589 Hagenbuchii
790 2503 972 2579 Helvetica,
995 2505 1190 2568 accuratiora
1209 2504 1308 2588 longe

58 2630 94 2681 et
112 2618 226 2681 melius
247 2617 415 2692 illustrata,
438 2638 532 2701 quarn
548 2617 753 2681 antefactum
769 2628 837 2680 erat
853 2637 872 2678 a
886 2616 1117 2692 Guillimanno,
1142 2616 1305 2691 Plautino,

45 2690 112 2817 kt,
143 2729 199 2815 qui
227 2731 299 2793 lios·
316 2741 348 2792 et
374 2739 476 2792 aetate
496 2741 529 2793 et
550 2729 668 2793 meritis
691 2731 897 2805 antecedunt,
927 2728 1066 2814 Aegidio
1090 2729 1253 2793 'l'scbudio
1276 2739 1309 2791 et

61 2842 149 2906 losia
171 2841 326 2918 Simlero,
351 2840 440 2905 cuius
461 2841 695 2926 Antiquitatum
719 2840 960 2906 Helveticarum
983 2820 1144 2905 volumina
1167 2839 1307 2924 quinque

59 2953 275 3036 ipsius⁴manu
295 2952 393 3016 nitide
414 2952 532 3036 scripta
551 2953 773 3017 'limicensium
789 2954 982 3018 bibliotheca
996 2953 1124 3035 publica
1144 2956 1324 3016 adservate

59 3067 115 3130 Ex
133 3067 240 3129 eadem
258 3066 420 3130 Ottianum
435 3044 585 3130 uolumen
596 3065 839 3149 inscriptionum
853 3064 1106 3141 Helveticarum,
1121 3069 1175 3128 sed
1188 3065 1308 3129 nullum

60 3179 141 3256 lere,
159 3191 234 3262 post
253 3177 476 3265 Hagcnhuchii
491 3200 598 3241 curam
614 3179 714 3244 multo
729 3180 926 3262 ampliorem,
942 3200 1033 3241 usum
1049 3179 1124 3242 mihi
1135 3179 1306 3260 praebens,

59 3304 190 3375 praesto
206 3303 293 3368 erat;
320 3313 423 3373 nuper
438 3293 556 3356 effossa
570 3292 813 3375 suppeditabant
827 3292 987 3368 Hallerus,
1013 3303 1045 3355 et
1061 3293 1207 3355 Levade.
1231 3292 1309 3355 Hoc

59 3403 159 3488 igitur
187 3416 301 3486 capnt,
337 3398 581 3488 singulari'cum
604 3403 766 3490 diligentia
788 3415 973 3482 tractatum,
1007 3402 1184 3486 speciminis
1214 3402 1308 3466 simul

58 3517 134 3581 loco
155 3496 237 3593 esto,
262 3519 425 3600 quomodo
444 3515 675 3601 geographiam
697 3516 857 3602 antiquam
881 3516 958 3582 solis
980 3538 1021 3580 ex
1038 3515 1195 3601 lapidibus
1211 3518 1307 3581 ador·

59 3631 192 3692 nandam
219 3627 409 3692 existimem.

145 3739 383 3824 Geographicis
404 3761 484 3805 vero
508 3741 681 3818 absolutis,
704 3741 869 3806 Historica
891 3765 958 3806 sum
981 3763 1175 3830 aggressus,
1207 3743 1250 3806 ita
1271 3753 1307 3804 nt
1362 3816 1367 3832 ι

57 3851 131 3915 inde
159 3874 177 3915 a
206 3852 349 3917 Romulo
377 3874 478 3938 usque
500 3857 541 3917 ad
562 3855 802 3919 Theodoricnm
825 3875 933 3939 regem
956 3867 1142 3937 perpetuam
1163 3865 1307 3919 texerem

23 4014 27 4021 .
58 3976 337 4050 monumentorum
365 3966 497 4042 seriem,
533 3988 625 4050 quam
654 3967 740 4029 haud
768 3966 889 4052 exiguo
919 3968 989 4032 usui
1008 3966 1081 4032 fore
1104 3969 1232 4032 conlido
1254 3968 1304 4044 iis,

56 4077 114 4162 qui
141 4077 194 4141 vel
222 4077 320 4160 ipsam
349 4077 513 4142 historiam
536 4080 708 4161 postmodo
731 4078 792 4143 sint
815 4080 1011 4158 enarraturi,
1042 4081 1094 4144 vel
1118 4080 1306 4145 illustraturi
1361 4098 1365 4107 ·

57 4201 89 4253 et
113 4201 291 4272 temporum
312 4189 489 4267 rationem,
514 4201 546 4254 et
566 4212 723 4256 nummos.
768 4192 807 4255 In
827 4214 891 4276 quo
905 4205 1016 4269 ,tamen
1036 4194 1136 4275 capite
1150 4205 1186 4257 nt
1200 4181 1331 4257 conti!

55 4321 165 4365 nerem
189 4324 256 4377 me,
280 4323 408 4368 necesse
429 4303 508 4377 fuit3
543 4324 645 4387 neque
674 4304 757 4368 enim
779 4304 887 4370 omnia
907 4305 1022 4371 licebat
1044 4305 1211 4389 amplecti,
1246 4305 1306 4370 nisi

54 4413 87 4477 iu
108 4414 157 4478 his
179 4414 353 4478 consistere
375 4415 606 4491 decrevissem
637 4437 757 4501 neque,
788 4417 881 4482 verbi
904 4440 1017 4496 causa,
1048 4420 1140 4485 locus
1162 4419 1214 4482 bic
1235 4428 1305 4482 erat

51 4529 159 4592 denno
182 4527 362 4593 ordinandis
385 4528 489 4592 Fastis
520 4527 773 4607 consularibus,
810 4531 1128 4615 qnam-utilissimam
1158 4552 1302 4614 operam,
