2926 5040
122 163 177 221 ste
442 234 452 248 .
639 125 840 241 rrrsrom

103 292 194 349 ,TIBl
214 296 350 356 venisset,
367 310 455 365 neque
476 270 646 344 Mura'torius
665 294 735 353 823,
754 293 780 345 7.
798 289 875 358 quasi
896 299 910 336 s
930 299 959 336 se
978 285 1163 354 excogitatum
1185 278 1359 356 protulisset,

117 383 234 439 undeet
253 383 310 437 ind.
325 387 400 440 Mur.
419 391 445 445 3.
465 384 641 457 Neophylax,
659 401 707 436 seu
727 380 835 452 Templi
852 393 956 432 custos.
974 381 1045 440 823,
1066 380 1093 433 7.

192 477 234 531 Cl.
253 478 418 544 coruunt,
446 484 492 551 qui
517 483 545 531 in
566 479 657 530 Musei
678 481 720 528 sui
739 470 876 545 lapidibus
901 473 974 523 httnc
994 485 1164 541 postremum
1183 465 1272 520 edidit
1292 466 1357 520 Etr.

116 569 152 624 T·
171 571 224 624 lll·
243 590 268 643 P·
289 575 334 630 68.
352 591 380 627 n.
393 576 457 639 97.,
477 577 601 645 suspicor
618 569 764 623 insolentia
777 566 861 639 siglae
878 565 981 618 NAVF.
1000 561 1161 632 deceptum,
1179 565 1356 614 notissimum

115 663 278 717 vocabulum
305 666 403 720 Nsvss
423 685 455 718 ex
478 664 568 739 lapide
595 666 648 716 hoc
674 680 724 716 sno
749 659 820 713 male
846 661 1032 729 exscripsisse.
1060 656 1158 708 uvat
1175 659 1355 708 coniecturae

115 757 330 811 leeularr'us
348 757 457 812 obstare
479 775 506 812 et
526 761 580 812 hoc
599 756 722 824 videtur,
741 759 824 809 citius
844 770 894 826 pro
913 752 937 805 E
954 767 1000 804 aut
1018 751 1039 802 F
1058 748 1166 803 detritis
1187 751 1202 802 1
1223 747 1354 816 exscribi,

115 866 198 922 quam
216 851 239 904 E
259 866 306 904 aut
327 853 347 904 F
369 870 418 926 pro
439 853 462 906 1.
481 857 522 906 sic

632 946 696 1015 pag.
715 946 785 1007 283,
806 944 833 1000 6.

188 1037 320 1092 LAELIA
336 1039 473 1094 PHOEBI
488 1038 602 1094 fortasse
617 1038 748 1092 LAELIA
764 1035 909 1090 PHOEBE
926 1032 979 1104 legi
992 1030 1089 1097 debet,
1107 1049 1142 1084 ne
1159 1029 1250 1092 Asinii
1269 1028 1349 1081 'l’hcii

114 1136 193 1182 uxori
215 1147 370 1203 cognomen
389 1131 476 1199 desit,
500 1151 528 1187 er
546 1152 580 1186 ue
596 1130 631 1190 τὸ
647 1131 785 1185 PHOEBl
802 1127 940 1182 difficilem
958 1125 1058 1181 habeat
1078 1128 1345 1198 interpretationem.

114 1224 128 1276 l
146 1224 217 1278 male
234 1230 400 1300 exscriptum
416 1244 466 1299 pro
484 1229 522 1295 E,
542 1232 623 1280 etiam
640 1242 689 1298 pro
709 1224 753 1327 T,
768 1228 798 1275 in

630 1339 667 1390 l’a
688 1375 695 1390 .
715 1339 786 1397 273,
806 1342 831 1390 1.

40 1432 46 1445 ‘
106 1480 110 1487 ,
188 1427 259 1481 Nam
279 1447 358 1482 versu
378 1429 529 1502 penultimo
549 1432 599 1484 IX.
617 1355 702 1484 scili
717 1434 758 1481 tic
774 1427 829 1500 legi
845 1442 872 1479 et
891 1429 1048 1498 interpungi
1066 1424 1119 1478 Ex
1137 1423 1260 1476 Senatus
1273 1422 1348 1474 Corr-

111 1521 185 1573 tulto
202 1520 272 1593 EX,
291 1529 385 1577 omnia
400 1539 493 1578 autem
512 1541 581 1599 quae
598 1523 697 1576 dedisti
717 1527 758 1594 sic
777 1525 908 1594 integrari
928 1518 1043 1572 debent:

337 1746 508 1766 ........
527 1712 621 1765 n'lvs.
642 1709 765 1763 STOLO
848 1753 857 1773 ,

335 1821 405 1856 ostro
425 1805 552 1858 TORES.
569 1803 761 1858 LOCORVM.
783 1797 966 1855 PVBLlCOR

332 1896 393 1948 iudi
409 1898 628 1952 CANDORVM.
648 1897 710 1950 EX.
735 1895 788 1948 SC.
809 1895 869 1946 Ex.
890 1891 1053 1955 Psstvs‘ro

335 1996 374 2043 r'u.
387 1991 553 2063 publt‘CVlll.
571 1988 853 2043 RESTlTVEllVNT

110 2080 186 2136 conl.
205 2082 297 2136 Musei
317 2063 472 2149 Tv1306,
494 2091 520 2141 7.
539 2100 566 2136 ct
584 2084 679 2137 Goesii
700 2083 875 2152 Antiquitas.
895 2079 1005 2147 Agrar.
1023 2096 1052 2151 p.
1070 2084 1133 2138 108.
1152 2078 1278 2132 Primum
1297 2076 1343 2129 ΤΕ

109 2191 189 2248 putas
212 2176 372 2248 protulisse,
399 2177 434 2229 ab
456 2178 516 2231 aliis
539 2181 647 2250 saepius
667 2174 782 2228 editum.
821 2173 910 2226 Habet
929 2176 1004 2229 enim
1023 2173 1157 2226 Gruterus
1174 2178 1248 2238 200,
1268 2175 1296 2229 5.
1315 2175 1343 2223 in

109 2269 281 2342 Gruteroque
302 2269 356 2343 legi
384 2276 492 2324 nescius
517 2271 658 2324 Fahrettns
687 2273 745 2340 ipse
771 2265 928 2339 imprudens
949 2263 993 2318 bis
1013 2264 1105 2330 dedit,
1125 2270 1215 2338 primo
1235 2283 1264 2339 p.
1279 2266 1343 2324 656.

108 2380 137 2415 n.
161 2365 223 2420 1182.
244 2383 277 2415 ex
292 2364 470 2430 Barberinis,
494 2363 593 2419 delude
613 2384 640 2436 p.
660 2367 725 2422 675·
749 2381 778 2416 n·
803 2368 847 2419 18·
869 2379 901 2413 0¹
921 2359 1071 2411 ''alicam'‘
1089 2357 1216 2426 iehedlh
1247 2357 1344 2411 15ῖο-

108 2460 196 2508 vicem
216 2461 290 2509 varie
314 2457 487 2512 abermtibus.
527 2459 697 2511 Muratorius
722 2459 839 2509 teriam
865 2450 966 2505 editam
992 2457 1138 2523 ignorans,
1174 2470 1208 2505 ex
1232 2453 1342 2506 Gemite

107 2548 254 2600 Malvesia
277 2549 331 2602 dat.
355 2553 425 2615 472,
448 2558 474 2606 2.
515 2551 612 2605 Adhuc
635 2551 797 2602 Malvasr'ae
823 2546 957 2598 librorum
983 2545 1054 2599 nihil
1080 2545 1183 2612 habeo,
1209 2562 1342 2618 quamam

107 2657 197 2694 autem
215 2662 246 2694 cx
265 2645 297 2696 P.
319 2646 475 2697 Burmuuno
495 2644 529 2696 ad
549 2647 661 2698 Sueten.
683 2644 734 2695 Iul.
755 2658 815 2714 cap.
837 2645 861 2697 9.
880 2659 906 2712 p.
926 2645 971 2697 25.
988 2638 1016 2692 b.
1035 2640 1104 2691 mihi
1124 2654 1251 2704 constat,
1272 2638 1343 2692 lisl-

106 2740 181 2787 varia
197 2740 226 2788 iu
243 2738 361 2789 Grutero
379 2742 489 2811 scripsit
510 2756 566 2790 non
585 2739 653 2810 legi,
672 2734 745 2806 quod
768 2737 951 2787 Muratorium
972 2735 1003 2786 ad
1025 2731 1246 2806 investigandum
1266 2748 1342 2785 tanto

105 2828 330 2899 negligentiorem
360 2828 436 2885 lecit.
486 2831 539 2886 Sed
563 2850 597 2884 ue
624 2829 733 2883 informi
763 2826 918 2899 fragmento
944 2826 1036 2889 TVO,
1071 2841 1100 2879 ut
1126 2825 1159 2879 de
1184 2826 1241 2878 slio
1260 2841 1275 2877 a
1294 2825 1340 2878 TE

106 2938 168 2993 pag.
190 2928 258 2986 259,
281 2929 307 2993 ἃ.
328 2924 445 2976 humane
465 2942 576 2979 notatus
600 2943 676 2985 sum,
705 2922 821 2974 multum
847 2918 1021 2987 adlaborem,
1050 2919 1131 2973 redeo
1156 2918 1193 2973 ad
1212 2925 1341 2995 paginam

107 3015 215 3069 TVAM
234 3017 364 3085 CXXV„
385 3023 409 3071 si
430 3017 516 3072 tribus
538 3016 611 3089 quod
631 3022 707 3069 aiunt
726 3014 815 3068 verbis
833 3017 926 3066 dixero

522 3113 588 3182 rag.
608 3111 684 3163 cxr.
702 3109 756 3163 σοι.
777 3107 804 3161 a.
823 3107 878 3160 100.
898 3113 924 3167 3.

105 3201 125 3252 F
142 3198 275 3252 detritum
293 3219 325 3253 ex
344 3202 367 3254 E
387 3218 402 3254 a
424 3203 473 3256 TE
497 3201 593 3257 datum
615 3221 672 3255 esse
694 3207 723 3255 in
739 3206 902 3273 cognomme
922 3199 981 3253 CN.
999 3199 1132 3253 nouum
1147 3201 1268 3254 ADIFC.
1290 3219 1338 3274 pro

105 3294 252 3357 amicti,
270 3311 298 3347 ut
316 3311 356 3348 est
377 3298 458 3368 perE
479 3302 508 3349 in
523 3297 600 3350 l'abr.
616 3300 715 3368 p.512.
730 3315 758 3349 n.
775 3299 844 3358 165„
865 3293 911 3346 ubl
925 3308 952 3346 et
963 3293 1038 3348 Mur·
1050 3298 1117 3346 cito.
1145 3293 1248 3348 Nonne
1261 3296 1339 3349 vehe-

104 3403 212 3440 menter
230 3389 374 3462 displicere
390 3387 471 3444 debet
488 3395 517 3444 in
528 3391 604 3445 TVO
618 3388 677 3443 iud.
689 3406 764 3441 nom.
783 3407 809 3460 p.
824 3389 882 3440 DV.
896 3387 950 3442 col.
967 3385 996 3441 b.
1012 3385 1091 3440 datus
1103 3388 1155 3441 Cn.
1166 3380 1339 3442 Demadins'i

352 3472 369 3518 ¹
622 3490 686 3562 rag.
701 3492 771 3552 125,
790 3489 818 3545 a.

177 3579 211 3632 ln
238 3577 415 3633 adnotatione
442 3582 516 3636 TVA
541 3580 574 3634 de
596 3584 669 3636 Mur.
691 3585 761 3647 615,
787 3581 813 3636 lt.
839 3578 954 3647 scribis,
991 3578 1044 3631 Vbi
1066 3578 1201 3634 Gruterus
1226 3582 1338 3647 aim.

103 3671 267 3741 Pugnarum
285 3674 317 3726 V
335 3673 448 3742 habeat,
475 3675 648 3729 'l'lresaurum
666 3675 814 3729 Muratorii
840 3673 941 3726 habere
960 3672 1124 3726 Prsclmrum.
1154 3673 1209 3727 Ant
1231 3675 1264 3728 V
1279 3689 1339 3748 post

103 3769 268 3834 lugentum
287 3770 431 3833 omittere,
462 3784 509 3821 ant
528 3784 590 3841 post
610 3768 765 3822 Petitarum
784 3768 882 3819 addere
903 3766 988 3820 onr
1005 3766 1050 3819 vel
1066 3767 1174 3821 Vivens
1190 3764 1339 3821 debuisses.

177 3862 287 3931 Pergis,
315 3858 377 3911 addi
400 3865 429 3912 in
450 3863 619 3914 Muratorio:
655 3861 810 3913 Parthorum
826 3878 924 3910 nornen
941 3857 1087 3930 statinae,
1108 3867 1140 3910 stt
1162 3858 1338 3931 Glycerium,

103 3953 277 4014 lisiardum,-
304 3968 373 4023 quae
393 3952 473 4005 verba
497 3973 553 4008 non
576 3954 652 4009 acl.
675 3955 796 4020 editore,
825 3952 872 4006 sed
895 3969 910 4005 a
934 3953 1103 4027 typographo
1122 3952 1230 4026 prolata
1252 3968 1340 4027 putas.

103 4047 182 4100 lianc
205 4063 267 4118 erga
295 4046 480 4099 Muratorium
503 4047 679 4100 clementiam
704 4049 828 4114 TVAlI,
865 4064 918 4116 qna
944 4051 1044 4099 erroris
1072 4045 1254 4100 erubescendi
1276 4064 1341 4101 eum

54 4162 56 4167 ·
102 4139 242 4193 absolvere
265 4145 378 4207 niteris,
411 4140 521 4212 culpam
546 4145 576 4193 in
599 4146 775 4193 innocentem
800 4140 967 4194 transferens
991 4140 1207 4212 typographum,
1236 4158 1341 4213 nequeo

103 4234 231 4308 probare.
282 4233 374 4287 Probo
403 4250 484 4303 quam
509 4239 628 4287 maxime
651 4235 759 4288 Tva
789 4237 823 4287 de
848 4233 1120 4289 MVRA'I'ORlANO
1144 4233 1340 4289 Tnnssvno

102 4327 238 4380 iudicium
259 4332 375 4380 maxime
392 4332 529 4379 sincerum
548 4333 577 4380 in
597 4327 649 4380 fine
662 4327 759 4399 praes.
780 4344 840 4402 pag.
859 4330 897 4383 X.
916 4343 944 4380 et
964 4329 1016 4383 xl.
1031 4343 1048 4380 a
1066 4326 1115 4382 ΤΕ
1130 4324 1229 4399 latum.
1266 4330 1339 4384 Num

103 4437 169 4492 ergo
194 4437 220 4473 et
247 4420 403 4475 Prrclmrum
432 4421 518 4474 indici
540 4426 684 4473 nominum
705 4424 898 4476 Muratoriano
917 4421 1035 4477 inlatum
1050 4421 1215 4494 typographi
1235 4424 1339 4475 incuria

103 4511 198 4568 dedit?
229 4518 266 4568 Vt
287 4514 447 4570 mollissime
473 4513 581 4587 dicam,
612 4521 768 4590 quicunque
791 4531 886 4571 notam
914 4515 1065 4570 Muratorii
1088 4518 1227 4588 integram
1254 4512 1340 4569 semel
