2926 5040
150 145 208 207 saa
673 140 875 201 catsant-t
927 208 933 221 ,

196 333 202 344 ,
224 276 441 348 inreriptionee,
470 285 539 348 quae
565 288 582 327 e
606 260 692 348 siglis
704 275 740 329 D.
759 276 784 330 i.
805 274 848 329 Μ.
865 278 1031 349 incipiunt,
1055 277 1108 328 etri
1130 288 1227 327 amaea
1246 274 1401 346 antiquarii

149 374 383 441 interpretentur,
413 383 445 422 ec
470 372 494 423 ai
522 365 643 423 diductis
669 367 760 423 verbio
785 373 919 442 acriptum
948 383 1021 423 earet
1049 369 1128 423 DEO
1154 366 1311 422 lh‘ViCTO
1338 367 1403 421 ut-

117 474 130 507 a
150 461 284 529 Tilssaii,
307 466 477 530 (cleantem
496 461 642 535 legendnm
661 466 690 516 in
710 462 847 517 Muratot.
866 466 949 521 2051.
969 467 1014 528 2.)
1032 480 1069 516 ne
1087 476 1182 516 tamen
1202 459 1336 533 eiglatum
1358 464 1404 514 itt·

150 561 379 630 terpretationeru
398 556 461 608 heic
480 554 620 609 declarare
641 554 749 625 videar,
767 554 803 609 ab
821 561 872 625 iia,
897 571 966 630 quae
986 557 1088 628 abeque
1106 555 1183 631 riglie
1200 553 1298 611 'eadem
1315 553 1403 610 rerba

149 647 312 725 pecierunt,
329 643 479 703 telunctim
499 654 619 723 repoeui.

227 742 415 799 Drummondi
436 742 564 798 volumen
584 730 706 817 primum
725 741 886 818 propediem
906 757 1051 815 exspectoe
1076 761 1143 798 num
1158 743 1189 795 lrt
1211 738 1279 796 illud
1297 741 1404 797 referat

149 852 349 903 monumenta,
381 827 452 908 qua'e
471 836 600 910 collegit,
635 853 672 891 en
697 844 727 891 iu
752 856 868 910 rerptena
888 842 1037 904 coniiciat,
1068 836 1158 893 adhue
1182 841 1304 891 incertae
1328 855 1405 895 aum.

150 931 204 987 Sed
226 936 316 985 malua
336 936 366 985 in
384 932 527 1006 Hispaniis
547 947 623 984 nnnc
641 947 753 1005 paratur
771 949 852 1004 aput,
871 935 907 984 in.
921 949 976 1003 quo
995 935 1191 1005 imeriptioner
1209 948 1304 985 οιιιιιοι
1325 931 1405 985 illiue

151 1019 273 1098 regionis
305 1022 396 1078 adhuc
425 1040 580 1092 eatttnter,
610 1040 637 1097 et
658 1043 693 1078 ex
711 1023 762 1078 fide
788 1023 911 1098 lapidum
932 1023 1104 1099 descriptae,
1135 1039 1195 1079 tunt
1225 1029 1327 1092 etiam,
1360 1030 1406 1080 uti

106 1164 109 1169 .
150 1117 262 1186 ierunt,
293 1118 384 1186 eliae,
415 1135 484 1191 quae
515 1123 544 1173 ln
566 1117 648 1186 editis¹
669 1118 750 1174 librlt
772 1125 969 1189 continentur,
1001 1119 1280 1194 comprehendentur.
1321 1119 1405 1174 Alex.

151 1216 255 1270 Xater.
280 1214 426 1280 Paneliue,
459 1211 523 1267 Soc.
552 1213 629 1280 Iesu,
662 1213 928 1286 hanc„protineiam
948 1219 977 1267 in
994 1230 1024 1267 ee
1043 1196 1180 1285 coacepite
1211 1218 1268 1268 iant
1285 1230 1407 1266 mettere

131 1298 266 1361 'iuuetur
296 1310 483 1381 praeceptoria
510 1305 628 1359 liliorum
656 1308 753 1379 Regia,
787 1323 815 1362 et
843 1307 971 1382 plurimir
991 1305 1137 1381 etipendiit
1168 1305 1304 1373 donuae,
1337 1307 1408 1360 huic

79 1394 83 1401 ’
119 1420 124 1445 ι
151 1384 266 1474 negotio
298 1405 364 1454 tutia
396 1399 500 1453 uiribus
533 1398 680 1456 incumbit.
721 1401 864 1468 Quantum
892 1401 1021 1455 utilitatit
1049 1400 1116 1454 ltine
1143 1399 1209 1454 inde
1240 1405 1409 1475 percipiam,

152 1499 270 1549 omuino
288 1491 378 1548 vider:
408 1509 472 1547 nam
491 1493 624 1546 librorum
648 1498 678 1548 iu
696 1497 837 1567 lliepaniit
858 1484 994 1548 'editorum
1017 1510 1149 1567 magnum
1167 1511 1213 1547 mc
1231 1492 1407 1549 deriderium

39 1606 45 1613 ·
153 1592 247 1655 t'euet,
268 1602 296 1641 et
315 1586 350 1641 ab
370 1591 477 1654 antico,
504 1591 553 1660 qui
576 1604 651 1639 nunc
671 1590 803 1644 Mantuae
823 1590 1040 1663 Carpetanorum
1061 1593 1145 1644 vitent
1162 1586 1256 1664 degit,
1273 1604 1411 1662 excerpta

152 1682 272 1759 plutima
296 1697 436 1754 exrpecto.
1066 1754 1069 1759 Ι
1267 1671 1277 1677 “

231 1775 412 1845 Miscellanea
430 1774 511 1828 erud.
530 1779 620 1846 antip.
640 1775 737 1848 Sponii
752 1774 880 1829 lubenter
896 1772 1046 1830 zacheriae
1064 1773 1295 1831 commodareern.
1323 1774 1409 1831 Haud

154 1867 318 1943 ignorabat,
339 1887 422 1943 panea
444 1885 489 1922 me
508 1886 583 1924 cate:
608 1887 660 1922 nec
683 1873 734 1936 iit,
755 1884 786 1922 ut
805 1868 1009 1934 anltnadtertit,
1029 1885 1124 1925 carcre
1142 1884 1262 1943 poteret,
1281 1856 1371 1941 quum
1391 1885 1409 1922 e

155 1963 271 2019 Palania
291 1979 387 2016 reenta
406 1967 479 2030 rint,
504 1968 579 2017 etin
601 1963 681 2017 ltalia
704 1967 823 2017 maxime
842 1952 933 2027 chria.
972 1965 1054 2018 Breri
1075 1977 1166 2017 tanuen
1184 1967 1238 2017 erit
1256 1962 1300 2017 illi
1319 1962 1411 2017 libro-

155 2061 220 2112 rum
246 2072 347 2130 magna
375 2056 512 2130 supellex,
544 2073 611 2110 nam
642 2055 833 2110 Bibliothecae
857 2058 994 2130 Principis
1021 2056 1191 2111 Mutinentia
1218 2061 1410 2130 praeponitur,

67 2214 78 2223 q
156 2155 289 2228 proximir
308 2149 372 2205 Kal.
392 2151 463 2205 Nou.
483 2151 537 2203 hoc
558 2168 671 2204 munere
690 2149 830 2224 fungetur.
870 2150 1008 2224 Siglarum
1029 2153 1289 2225 interpretationem
1308 2150 1355 2204 Μ.
1375 2151 1409 2205 Ρ.

158 2241 420 2316 damnarequidem
440 2249 612 2312 rectissime,
631 2260 746 2317 eamque
766 2243 861 2297 itidem
880 2244 985 2317 exploti
1006 2249 1103 2298 atatim
1125 2258 1158 2298 ac
1174 2241 1242 2299 ridi.

230 2316 275 2395 Ci.
297 2340 525 2417 compagnonio,
554 2353 585 2392 ut
611 2337 696 2410 probe
722 2342 793 2404 tuit,
828 2353 977 2410 antequam
1003 2353 1075 2392 erret
1093 2335 1206 2391 Praetul
1226 2339 1411 2392 Auximaten·

157 2437 213 2500 eir,
240 2432 433 2488 Bibliothecae
452 2431 669 2486 Barheriniauae
689 2447 753 2503 cura
783 2430 948 2485 demandata
972 2428 1039 2493 luite
1066 2434 1156 2485 eidem
1174 2430 1289 2484 carolut
1308 2432 1412 2484 Moro-

157 2533 221 2581 niue
241 2526 309 2579 olint
329 2523 500 2599 praefectur,
527 2543 652 2598 unusque
671 2543 686 2579 a
704 2525 908 2599 compagnouil
927 2523 1134 2592 decertaribua,
1160 2529 1208 2596 qui
1227 2527 1304 2577 inaeu
1323 2526 1411 2579 Fran·

159 2625 230 2685 cirri
259 2618 416 2674 cardinalia
443 2618 589 2673 Barberini
615 2624 747 2687 teniorit,
780 2620 890 2692 cyriaci
916 2621 1087 2674 Anconitani
1106 2623 1304 2692 epigrammata
1334 2634 1411 2672 anno

159 2717 242 2788 1660.
269 2711 402 2769 ediderat.
443 2712 523 2768 Haud
548 2710 632 2766 credo
658 2713 731 2767 hanc
750 2712 872 2811 uplingen
892 2690 1104 2786 compagnonid
1121 2729 1179 2765 non
1196 2728 1293 2765 notam
1312 2709 1414 2787 fultae,

159 2825 244 2879 quum
265 2806 312 2861 illc
329 2806 401 2860 libet
421 2823 498 2860 rarat
518 2809 621 2861 Rontac
640 2823 780 2880 nunquam
800 2805 893 2874 inerit,
913 2823 942 2860 et
961 2824 1049 2880 nuper
1070 2824 1104 2858 ex
1125 2804 1173 2858 ille
1191 2805 1259 2858 urbe
1277 2806 1409 2860 Venetiae

159 2900 329 2976 exemplaria
348 2901 426 2974 plura
448 2906 533 2954 missa
552 2906 625 2968 tint,
651 2900 722 2974 apud
742 2901 890 2954 eihririnrn
909 2899 1090 2974 bibliopolam
1112 2904 1282 2974 praetende,
1308 2899 1411 2971 quibua

159 3011 251 3051 tamen
272 2993 380 3048 librarii
402 2994 531 3061 titulum,
552 2999 598 3066 qui
620 3001 696 3068 priua
716 2992 937 3060 desiderabatur,
955 2994 1126 3067 praefixere.-

234 3088 277 3142 el.
303 3088 414 3142 Malieit
439 3089 603 3142 Observare.
623 3088 726 3142 Litter.
746 3089 889 3142 volumina
916 3086 971 3142 duo
996 3092 1021 3140 V
1047 3102 1074 3141 et
1095 3089 1134 3140 Vl
1161 3101 1231 3159 quae
1258 3084 1415 3154 derideret,

158 3180 256 3236 luheua
276 3183 379 3246 citur03
409 3186 532 3254 accipiet
551 3187 646 3235 atatim
669 3198 703 3235 ao
722 3187 833 3236 occatio
852 3199 911 3236 tere
931 3179 1085 3255 praebebit.
1122 3180 1257 3254 Epistolie
1276 3185 1334 3234 tuit
1351 3184 1414 3254 epi·

159 3279 301 3350 graphicir
331 3274 422 3329 adhuc
450 3291 551 3343 careo,
582 3274 650 3329 licet
679 3281 841 3349 eaepittime
868 3273 1009 3348 exemplar
1035 3274 1204 3357 atalperim,
1236 3272 1311 3345 quod
1339 3273 1413 3328 olim

159 3370 278 3424 Malitio
312 3369 461 3423 obtuliatI:
495 3384 564 3422 num
599 3368 690 3422 adhuc
721 3370 819 3423 Turiei
850 3370 985 3424 venaleai
1023 3366 1152 3422 Bonadae
1183 3366 1323 3420 volumina
1355 3366 1414 3422 dno

160 3479 278 3518 teneant
305 3465 407 3517 Romae
434 3462 543 3518 Floren.
571 3460 636 3537 472.
680 3464 713 3516 ln
742 3462 843 3517 clarete
872 3463 977 3517 tributa
1004 3467 1222 3536 epigrammata:
1260 3465 1415 3534 unicuique

160 3556 243 3619 clatri
263 3554 438 3624 dieerrtatin,
463 3572 533 3628 quae
553 3553 586 3609 a'd
608 3572 668 3609 rem
686 3555 770 3624 lacit,
794 3561 985 3630 praeponitur:
1015 3560 1140 3609 earmina
1158 3556 1266 3611 Graece
1285 3555 1415 3608 terrihue

160 3650 269 3705 Latinia
287 3649 455 3704 redduntur:
476 3654 669 3703 annotationes
689 3649 723 3702 ad
744 3665 775 3702 ea
795 3651 903 3704 hreeet:
923 3647 1064 3703 interdurn
1081 3649 1180 3704 malae.
1205 3648 1286 3704 Hanc
1302 3653 1414 3723 accipe.

49 3746 51 3750 ’
161 3744 226 3801 Vol.
240 3751 267 3800 2.
283 3763 310 3818 p·
324 3746 388 3807 586·
408 3746 619 3817 inscriptionem
638 3744 707 3796 Virii
728 3743 851 3796 Severini
870 3743 972 3797 adfert:

618 3848 657 3916 Q.
678 3826 757 3900 vittl
777 3846 959 3935 catamiti.

525 3939 640 3993 ΔΤΤιΔ
659 3939 841 3993 savamtta
861 3941 896 4009 Q.
914 3937 1035 3994 vttttvs

552 4032 589 4087 0.
611 4032 727 4086 NESAS
748 4033 939 4088 PARENTES
968 4049 1023 4088 cet.

164 4153 193 4202 iu
213 4162 310 4200 annot.
337 4142 463 4199 NESAS
478 4161 533 4216 pro
554 4144 680 4196 NEFAS
698 4162 758 4196 vox
767 4144 942 4216 sreprtertter
961 4143 1046 4196 obvio
1065 4157 1120 4199 eet.
1152 4142 1253 4198 Nonne
1271 4142 1341 4196 haec
1361 4141 1417 4197 tihi

165 4240 272 4295 ridetur
290 4238 479 4313 lepidirtimai
505 4239 575 4293 Sunt
594 4237 648 4290 alia
667 4238 771 4307 multa,
790 4253 859 4311 quae
880 4243 1026 4307 annotavi,
1045 4253 1115 4310 quae
1134 4252 1209 4293 nunc
1230 4236 1417 4291 trenraribere

162 4350 331 4391 non-uacat.
997 4328 1003 4335 ’

240 4431 321 4482 Brevi
349 4423 499 4501 prodibunt
529 4424 729 4498 inscriptione·
759 4427 981 4492 Beneventanae,
1011 4438 1066 4477 nna
1099 4439 1165 4477 cum
1197 4422 1259 4476 aliie
1288 4417 1417 4476 eiuadem
1445 4487 1448 4491 ⁴

166 4522 242 4576 urbia
261 4520 483 4595 antiquitatibur.
522 4521 625 4575 Rornae
646 4516 764 4572 eduntur
782 4517 850 4573 iulio
869 4523 1007 4584 mauim0;
1034 4530 1100 4572 nam
1125 4517 1207 4572 multi
1232 4529 1297 4571 aunt
1323 4513 1421 4589 hodie,
